3066 5154
182 348 243 419 101
515 361 649 413 nnnoso
668 357 720 409 arr
742 354 868 405 nassrsn
889 351 1008 400 srsrnrn

175 498 271 571 <tam
287 454 474 571 sabamae
491 502 607 571 ηοω
622 514 694 565 cose
710 493 823 572 sapute
840 488 883 552 da
898 504 956 569 per
972 486 1040 562 voi,
1058 503 1077 549 e
1094 501 1161 549 non
1178 487 1352 568 insegnate

173 606 217 673 aa
229 582 358 685 ΜΘ
374 612 408 680 ῃ·
419 614 466 683 1„
483 631 555 681 ,ω
568 616 671 678 certo,
687 593 805 683 perche
823 596 857 661 io
873 614 941 661 non
960 597 996 661 vi
1012 595 1058 661 bo
1079 596 1263 678 insegnato,
1287 594 1355 658 ebe

173 682 323 807 labinia
339 726 507 794 sinestra
523 717 577 804 piri
594 707 808 795 risplendente
831 708 865 771 ia
885 710 978 773 notte
1008 706 1068 771 che
1087 706 1108 769 ’1
1137 708 1264 789 giorno,
1293 721 1357 767 ma

174 812 285 913 title
302 838 413 921 sanevi
432 835 473 899 da
488 848 545 913 per
560 824 629 896 voi3
645 836 739 885 eonte
753 836 838 884 aneo
853 820 982 900 sanevi,
996 819 1057 882 ebe
1072 821 1165 884 tanto
1179 818 1207 881 si
1221 820 1356 881 mostra

175 940 294 1013 ohim
309 962 375 1011 um
389 941 555 1023 nugoietta
574 934 699 1014 quanto
728 931 761 995 ln
789 929 901 1006 Luna;
928 929 1041 1012 sapevi
1068 928 1267 1011 parimente,
1290 925 1354 989 ebe

132 1036 154 1115 ’.
176 1050 433 1119 i'iitnnainarion
452 1045 537 1111 neila
560 1042 660 1107 Terra
680 1056 750 1106 non
772 1040 801 1105 si
822 1041 907 1106 rede
935 1039 969 1104 di
995 1043 1102 1105 nette:
1125 1056 1144 1102 e
1165 1039 1202 1101 in
1224 1053 1354 1101 somma

94 1154 114 1201 ·'
175 1161 286 1243 superi
304 1159 329 1224 il
345 1163 547 1225 tnttosenea
563 1170 659 1236 snper
677 1152 713 1217 di
730 1153 868 1235 saperlo.
886 1151 928 1217 Di
944 1151 1002 1259 qui
1018 1166 1085 1215 non
1104 1145 1227 1214 dovera
1244 1146 1279 1211 di
1295 1163 1354 1210 ra-

72 1312 78 1323 ·
96 1242 101 1251 ⁸
172 1269 268 1351 gione
283 1267 405 1332 essem
420 1262 552 1331 difficile
570 1262 595 1328 il
611 1263 790 1341 eoneeder,
808 1262 870 1328 ebe
887 1263 922 1327 la
937 1261 1125 1327 reflessione
1143 1259 1230 1324 della
1251 1257 1354 1323 Terra

169 1391 266 1461 nossa
282 1375 452 1442 illuminer
469 1373 502 1437 ia
518 1378 613 1455 parte
630 1374 804 1440 tenebrosa
820 1373 908 1438 della
922 1372 1017 1438 Luna
1034 1389 1098 1437 eon
1115 1370 1190 1436 lnce
1204 1383 1274 1433 non
1288 1366 1354 1430 mi·

169 1502 230 1551 ner
259 1483 296 1551 di
315 1486 439 1568 quella,
461 1501 525 1549 oon
546 1485 581 1549 ia
602 1486 701 1568 quale
722 1485 756 1549 la
778 1483 874 1550 Luna
901 1484 1033 1550 illustra
1055 1483 1086 1549 le
1107 1480 1242 1546 tenebre
1265 1476 1352 1541 della

168 1600 277 1675 nette,
294 1596 368 1662 anai
385 1597 478 1660 tanto
494 1591 569 1677 pii,
590 1602 716 1678 quanto
745 1595 806 1660 obe
833 1595 868 1660 ln
895 1595 998 1659 Terra
1024 1591 1043 1658 e
1071 1595 1237 1675 quaranta
1264 1587 1354 1654 volte

168 1709 320 1794 maggior
333 1704 418 1771 della
436 1703 542 1771 Luna.

259 1814 355 1897 Stmp.
372 1811 571 1883 Veramente
590 1818 624 1882 io
639 1817 779 1883 oredeva
793 1815 855 1880 ebe
868 1816 945 1897 quei
959 1815 1049 1881 inme
1063 1812 1257 1878 seoondario
1270 1810 1354 1875 iesse

170 1928 300 2012 proprio
317 1922 404 1989 della
421 1922 525 1990 Luna.

256 2030 344 2097 Soio.
361 2032 391 2098 E
409 2039 526 2116 questo
541 2053 664 2101 ancora
679 2043 790 2118 sapete
805 2037 848 2103 da
860 2056 920 2120 per
935 2037 1008 2113 voi,
1023 2055 1043 2101 e
1056 2054 1123 2101 non
1136 2036 1169 2101 v’
1183 2038 1355 2116 aeeorgete

118 2204 133 2218 ,
173 2143 207 2208 (11
223 2141 363 2223 sanerlo.
382 2142 520 2222 Ditemi,
536 2163 605 2211 non
623 2152 718 2214 avete
734 2148 791 2213 voi
812 2166 871 2230 per
892 2149 949 2214 voi
971 2153 1075 2214 stesso
1097 2151 1216 2230 monto
1233 2144 1301 2211 ebe
1323 2144 1356 2208 la

172 2253 267 2319 Lnna
276 2252 305 2319 si
318 2259 445 2320 mostra
458 2250 517 2337 piri
530 2255 696 2321 luminosa
711 2259 797 2322 assai
812 2259 846 2323 ia
859 2265 951 2325 nette
962 2258 1023 2325 ebe
1036 2259 1061 2323 ii
1072 2260 1205 2342 giorno,
1218 2259 1359 2341 noeto

171 2360 382 2429 ell’oseurttt
397 2365 451 2430 del
467 2383 586 2449 eampo
604 2367 786 2442 ambiente3
805 2349 827 2431 ⁴e
849 2370 885 2433 in
907 2387 1134 2454 eonsegnenza
1155 2386 1225 2435 non
1246 2368 1356 2434 venite

170 2469 226 2534 voi
243 2487 265 2535 a
281 2487 396 2554 sapere
413 2475 450 2539 in
472 2492 606 2558 genere,
635 2476 697 2541 ebe
723 2478 802 2560 ogni
830 2495 930 2562 corpo
959 2480 1072 2546 incido
1093 2481 1120 2545 si
1143 2483 1269 2546 mostra
1300 2475 1358 2561 nib

170 2581 285 2647 cbiaro
301 2590 428 2666 quanto
446 2585 467 2650 1’
479 2587 644 2652 ambiente
661 2584 679 2651 e
696 2583 756 2669 piri
772 2589 909 2653 osenroi

260 2691 361 2775 Simo.
379 2695 503 2773 Questo
519 2713 556 2761 so
575 2696 608 2760 io
624 2697 812 2762 benissimo.

261 2801 349 2868 Salv.
368 2805 509 2882 Quando
526 2808 560 2871 la
576 2807 670 2872 Luna
692 2804 710 2871 e
732 2808 870 2883 saloma,
892 2828 911 2873 e
932 2811 967 2873 vi
988 2817 1114 2876 mostra
1135 2809 1224 2875 assai
1243 2807 1358 2872 obiaro

171 2918 249 3000 quel
266 2917 355 2983 inme
384 2917 591 2992 secondario,
616 2935 684 2981 non
706 2913 724 2980 ὲ
746 2917 811 2980 ella
834 2935 960 3002 sempre
981 2921 1093 2985 vieina
1116 2921 1148 2985 al
1172 2921 1262 2996 Sole,
1285 2937 1304 2983 e
1324 2918 1358 2980 in

173 3043 400 3110 oonsegnenza
417 3028 472 3091 nei
487 3029 577 3093 turne
595 3029 647 3092 del
665 3027 876 3109 crepuseoln‘t

265 3135 363 3218 Simo.
383 3137 483 3210 Evvi3
502 3156 521 3201 e
539 3137 641 3203 meite
657 3138 747 3203 volte
765 3138 810 3202 bo
825 3140 1009 3206 desiderato
1022 3143 1082 3207 abe
1097 3143 1195 3207 l'aria
1209 3142 1238 3206 si
1252 3141 1357 3206 iaeese

173 3244 232 3327 pii
250 3251 355 3324 rosea,
380 3265 438 3330 per
460 3255 553 3329 poter
575 3249 677 3313 veder
698 3249 775 3331 quel
796 3253 845 3314 tal
873 3251 962 3315 lurne
989 3249 1047 3335 piir
1068 3255 1199 3330 ebiaro,
1229 3267 1289 3319 ma
1310 3248 1358 3318 i’e

171 3357 377 3423 tremontata
394 3358 508 3421 avanti
525 3365 616 3423 notte
634 3377 764 3424 osenra.

261 3459 349 3527 Sele.
367 3466 430 3530 Voi
447 3467 580 3548 dunque
599 3476 709 3551 sapete
726 3471 903 3537 benissimo
917 3472 978 3537 ohe
992 3474 1080 3538 nella
1094 3476 1256 3557 profonda
1270 3478 1360 3541 notte

173 3569 250 3650 quel
264 3570 354 3636 inme
373 3579 584 3659 apperirebbe
601 3576 678 3662 piri?

264 3677 365 3766 Simo.
386 3687 504 3771 Signor
520 3686 562 3764 εἰς
581 3710 599 3754 e
618 3709 720 3756 ancer
737 3689 810 3774 piri,
829 3711 862 3757 se
884 3696 912 3759 si
934 3703 1060 3776 potesse
1081 3702 1135 3761 tor
1156 3699 1215 3762 via
1235 3698 1261 3762 11
1280 3713 1361 3781 gran

178 3796 265 3862 lunae
282 3796 366 3862 delle
383 3818 488 3865 corna
505 3804 622 3868 toeebe
640 3804 694 3868 dal
714 3805 800 3880 Sole,
820 3807 853 3870 la
870 3824 1025 3889 presenza
1043 3809 1094 3872 del
1116 3810 1215 3891 quate
1231 3808 1360 3874 omisca

178 3907 264 3973 essai
279 3906 299 3970 1’
311 3909 397 3974 altro
413 3912 551 3976 minore.

266 4017 353 4088 Soio.
370 4020 421 4088 Ob
439 4042 507 4088 non
526 4027 637 4091 aocad’
648 4029 712 4111 egli
730 4031 871 4095 talvolta
888 4031 922 4092 di
939 4035 1032 4112 poter
1050 4031 1169 4095 vedere
1184 4031 1306 4094 dentre
1322 4025 1363 4092 ad

178 4135 388 4200 oscurissima
405 4140 497 4199 notte
515 4142 602 4203 tutto
620 4141 643 4203 ii
663 4141 754 4205 diseo
771 4143 858 4206 della
875 4142 984 4216 Luna,
1007 4160 1104 4206 senza
1126 4147 1232 4225 punto
1255 4156 1363 4206 essere

177 4240 367 4311 illuminato
383 4246 437 4310 dal
454 4245 547 4310 Sole?

266 4352 366 4438 Stmp.
383 4356 420 4421 10
437 4373 503 4420 non
531 4378 567 4423 so
595 4363 655 4426 ebe
685 4369 799 4444 questo
829 4381 981 4446 avvenga
1011 4364 1092 4439 mai,
1122 4381 1155 4428 se
1184 4381 1253 4428 non
1277 4361 1365 4445 negti

176 4460 283 4526 eelissi
302 4464 397 4528 totali
414 4465 502 4533 delia
520 4469 623 4535 Luna.
