3066 5154
169 276 212 340 52
515 281 647 331 rimoso
665 280 718 331 om
736 278 861 332 menn
879 278 999 328 srsrrm

169 432 221 493 tm
240 425 374 506 pienete
396 422 440 488 de
461 425 711 492 connumerersi
731 428 783 490 tre
798 422 810 484 i
827 421 920 501 eorpi
935 419 1081 488 naturali
1099 419 1213 484 mobili
1235 420 1345 483 oiroo·

168 536 338 599 iermente.

258 639 354 727 Soor.
368 643 406 715 lo
419 650 515 713 tanto
528 644 585 730 plir
599 641 770 712 volentieri
788 641 836 704 mi
851 637 974 705 atterrb
993 642 1160 721 aquesto,
1171 640 1298 718 quanto
1313 636 1351 699 io

169 759 259 821 resto
275 757 363 821 assei
384 752 441 839 piri
462 755 654 820 sodrlisiatto
675 751 736 816 del.
749 754 864 816 vostro
885 745 1031 814 discorso
1053 747 1306 815 architettonioo
1329 761 1352 808 o

170 865 337 947 generale,
355 865 416 929 obe
432 863 466 926 di
482 862 593 943 quello
614 859 831 934 d'Aristotile,
852 856 971 942 perobe
993 858 1017 922 il
1039 861 1152 928 vostro
1173 872 1271 919 senza
1292 855 1351 919 in·

171 979 270 1058 toppo
286 988 412 1040 veruno
427 971 476 1035 mi
492 969 619 1051 quietm
635 987 655 1033 e
672 967 694 1033 1’
705 969 792 1036 altro
812 970 857 1033 ed
878 969 956 1050 ogni
977 982 1073 1049 passo
1094 967 1141 1030 mi
1161 970 1349 1033 attraverse

170 1084 308 1167 qualche
325 1081 505 1161 inoiamp03
523 1097 542 1142 e
559 1096 629 1143 non
650 1095 688 1143 so
713 1095 808 1143 oome
830 1078 854 1142 ii
876 1079 988 1160 signor
1009 1076 1178 1159 Simplicio
1203 1091 1272 1139 non
1297 1074 1349 1139 sis

147 1219 151 1229 ¹
170 1195 293 1256 metato
308 1189 418 1259 subito
432 1204 590 1271 persuaso
606 1187 697 1255 della
712 1189 848 1270 ragione
870 1191 1022 1252 enecata
1035 1186 1079 1250 da
1091 1184 1149 1254 voi
1161 1202 1219 1268 per
1232 1202 1349 1267 prove,

169 1302 229 1367 obe
246 1300 272 1363 il
288 1303 380 1378 moto
396 1315 455 1381 per
470 1298 560 1369 lineo
576 1303 664 1369 rette
679 1316 747 1363 non
764 1297 830 1381 pub
853 1315 932 1362 ever
954 1297 1053 1379 luogo
1070 1297 1106 1360 in
1121 1300 1259 1370 natura,
1275 1299 1350 1361 tut·

168 1405 358 1476 tavoltaehe
372 1408 401 1475 si
416 1423 586 1491 suppomge
607 1408 668 1472 olio
681 1408 713 1471 le
726 1408 814 1490 parti
828 1407 902 1472 dell’
914 1406 1075 1473 Universo
1097 1406 1188 1471 meno
1205 1404 1349 1486 disposie

170 1519 206 1582 in
223 1519 343 1584 ottima
358 1518 575 1585 costituzione
591 1535 611 1581 e
626 1517 878 1600 periettemente
895 1517 1055 1581 ordinate.

258 1625 347 1695 Solo.
365 1629 516 1698 bennato
532 1627 566 1690 di
587 1628 715 1710 gratim
737 1628 850 1710 signer
872 1625 1031 1708 Segredo,
1053 1627 1115 1691 obe
1135 1641 1200 1708 pur
1220 1640 1280 1690 ore
1301 1624 1348 1687 mi

170 1741 327 1824 sovviene
342 1741 367 1806 il
384 1739 482 1805 modo
499 1737 534 1803 di
550 1741 643 1820 poter
661 1739 721 1803 dar
739 1737 977 1804 soddisiazione
991 1754 1076 1802 aneo
1089 1737 1123 1801 al
1135 1737 1246 1818 signor
1259 1734 1349 1802 Sim·

172 1853 287 1935 plieio;
303 1850 482 1920 tuttevolte
497 1845 574 1930 pero
593 1849 655 1931 ebe
672 1849 699 1913 e’
715 1866 783 1913 non
804 1848 917 1931 voglio
937 1853 1043 1915 testor
1063 1848 1221 1913 taimente
1239 1847 1349 1928 legato

173 1962 217 2025 ad
233 1961 311 2042 ogni
328 1959 418 2024 detto
435 1957 649 2033 d’Aristotile‚
665 1958 726 2025 ebe
743 1959 808 2041 egli
826 1958 924 2023 abbia
937 1975 996 2041 per
1008 1959 1180 2040 sacrilegio
1196 1958 1222 2023 il
1239 1957 1351 2023 lisco-

172 2074 315 2135 stersene
333 2068 376 2131 da
394 2068 524 2132 elouno.
542 2066 570 2132 E
586 2084 655 2132 non
671 2065 690 2132 1
708 2068 844 2145 duillio,
861 2070 924 2135 ohe
937 2085 996 2151 por
1008 2074 1181 2134 mantener
1196 2068 1219 2132 1’
1229 2068 1351 2134 ottime

172 2175 389 2256 disposizione
404 2195 423 2240 e
437 2176 458 2239 l’
470 2176 585 2241 ordine
598 2178 736 2258 perfetio
750 2178 834 2246 delle
847 2180 934 2261 parti
949 2179 1023 2244 dell’
1034 2178 1210 2253 universo,
1223 2183 1351 2260 quanto

173 2284 240 2349 alla
257 2284 344 2349 local
360 2286 557 2365 situazione‚
573 2305 641 2353 non
658 2285 724 2353 eil
743 2289 828 2356 altro
846 2290 907 2358 ohe
923 2289 948 2353 il
966 2288 1170 2354 movimento
1188 2288 1350 2357 oiroolare

171 2413 190 2459 e
206 2395 239 2459 le
256 2396 380 2477 quiete:
398 2414 455 2463 ma
471 2402 597 2480 quanto
615 2399 649 2464 al
665 2404 757 2464 moto
773 2417 831 2480 per
847 2400 937 2464 linea
952 2404 1053 2473 retia,
1074 2416 1142 2464 non
1162 2417 1268 2482 veggo
1288 2399 1351 2465 ohe

172 2521 268 2588 possa
283 2508 408 2591 servire
424 2507 468 2573 ed
485 2509 586 2584 altro,
603 2510 665 2579 ohe
682 2510 715 2574 al
731 2509 861 2574 ridurre
875 2510 964 2574 nella
977 2527 1039 2575 sua
1056 2511 1189 2575 natural
1205 2512 1351 2577 costitu-

173 2617 266 2681 zione
285 2616 425 2698 qualche
446 2619 617 2700 perticella
639 2619 673 2682 di
695 2620 815 2685 alouno
844 2619 892 2682 de’
907 2621 999 2701 corpi
1021 2620 1187 2702 integrali,
1207 2620 1268 2684 obe
1288 2637 1353 2700 per

22 2760 36 2775 ·
172 2727 312 2810 qualche
329 2727 498 2792 accidente
516 2727 602 2793 iusso
625 2734 711 2794 stata
732 2729 872 2795 rimosse
890 2747 908 2792 e
927 2735 1078 2812 separate
1094 2730 1151 2794 dai
1168 2747 1226 2795 suo
1244 2733 1351 2802 tutto,

174 2856 267 2904 come
286 2838 319 2901 di
339 2855 435 2920 sopra
451 2838 623 2904 dicemmo.
642 2837 889 2904 Consideriamo
906 2858 966 2905 ora
982 2845 1069 2906 tutto
1087 2841 1112 2904 il
1129 2841 1226 2922 globo
1242 2844 1351 2905 terre-

175 2954 241 3016 stre
259 2969 277 3015 e
295 2950 469 3033 veggiamo
484 2951 560 3032 quel
573 2949 633 3014 ohe
646 2948 712 3033 pub
727 2968 814 3014 esser
829 2951 863 3014 di
876 2951 939 3025 lui,
956 2948 1197 3016 tuttavoltaohe
1219 2949 1262 3014 ed
1278 2966 1351 3015 esso

175 3079 194 3124 e
217 3061 263 3143 gli
284 3061 360 3126 altri
381 3061 472 3141 oorpi
494 3060 650 3125 mondani
673 3061 701 3123 si
724 3060 852 3125 devano
873 3078 1069 3126 conservare
1090 3060 1165 3125 nell'
1177 3061 1350 3135 ottime‚e

175 3172 309 3236 natural
325 3170 549 3252 disposizione.
566 3170 639 3251 ligii
656 3168 675 3235 ὁ
693 3173 877 3237 necessario
895 3172 979 3246 dire,
996 3189 1017 3235 o
1034 3170 1095 3236 ohe
1112 3172 1177 3253 egli
1191 3172 1270 3235 resti
1286 3189 1306 3234 e
1323 3171 1353 3235 si

174 3282 328 3344 conservi
341 3285 606 3363 perpetuemente
621 3281 787 3346 immobile
801 3282 856 3346 nel
869 3282 968 3364 luogo
983 3300 1057 3357 suo,
1077 3299 1098 3346 o
1115 3283 1177 3345 obe
1195 3280 1353 3346 restando

172 3407 236 3471 pur
253 3406 380 3471 sempre
396 3389 470 3454 nell'
482 3391 597 3455 istesso
615 3390 728 3473 luogo,
748 3392 776 3455 si
794 3392 923 3474 rivolga
939 3393 975 3456 in
993 3390 1027 3456 sb
1046 3397 1148 3456 stesso
1162 3409 1183 3456 o
1197 3392 1258 3456 ebe
1272 3388 1352 3456 vadi

173 3501 305 3567 intorno
334 3500 377 3563 ad
403 3517 451 3564 un
480 3505 607 3575 centro,
629 3500 822 3565 movendosi
843 3518 901 3581 per
923 3501 957 3565 la
978 3502 1221 3567 oirooniemma
1248 3499 1282 3562 di
1303 3513 1353 3563 un

172 3611 313 3675 oercbio.
334 3608 394 3674 Dei
417 3611 508 3693 quali
531 3611 694 3675 aooidenti
712 3629 730 3674 e
747 3611 949 3675 Aristotilee
967 3611 1122 3676 Toiomeo
1138 3629 1157 3675 o
1173 3609 1254 3676 tutti
1268 3607 1282 3672 i
1298 3607 1353 3671 ior

174 3719 304 3801 segueoi
322 3718 421 3785 dieon
437 3738 533 3802 pum,
550 3721 611 3784 ohe
628 3721 692 3801 egli
710 3720 754 3784 ba
771 3726 940 3785 osservato
956 3739 1082 3803 sempre
1095 3722 1137 3785 ed
1150 3718 1168 3785 ὸ
1182 3738 1241 3801 per
1255 3733 1355 3782 man·

174 3834 284 3893 tenere
297 3828 333 3891 in
347 3833 460 3894 eterno
475 3830 498 3901 il
513 3830 634 3911 primo,
649 3826 720 3893 cioe
730 3847 798 3894 una
813 3835 970 3912 perpetua
983 3832 1092 3913 quiete
1105 3831 1160 3896 nel
1172 3829 1354 3894 medesimo

174 3938 282 4021 luogo.
298 3935 361 4014 Or,
379 3936 497 4020 perche
515 3939 646 4021 dunque
663 3940 699 4003 in
716 3940 815 4005 buon’
826 3959 885 4006 ora
901 3959 969 4006 non
983 3943 1011 4006 si
1026 3942 1097 4008 dev'
1109 3942 1174 4024 egli
1188 3941 1274 4014 dire,
1292 3939 1354 4004 obe

175 4066 236 4121 sua
253 4050 401 4124 naturale
418 4046 611 4117 eliezionee
633 4051 656 4116 ii
679 4056 803 4119 restare
825 4053 1006 4127 immobile,
1029 4050 1086 4133 piri
1107 4057 1196 4117 tosto
1217 4051 1279 4115 ohe
1301 4049 1353 4114 ier

173 4176 235 4223 suo
253 4161 403 4228 naturale
420 4161 445 4223 ii
462 4166 553 4226 moto
571 4161 623 4225 ell’
635 4159 742 4243 ingiim
759 4162 812 4226 del
829 4165 907 4244 qual
925 4168 1017 4227 moto
1039 4163 1103 4244 egli
1122 4159 1177 4243 gisi
1194 4161 1263 4224 mai
1286 4174 1353 4224 non

173 4269 200 4331 si
222 4266 241 4331 le
260 4288 382 4346 moseo,
402 4271 466 4335 ned
489 4269 507 4335 1
528 4291 586 4354 per
608 4271 793 4337 muoversii
814 4272 842 4336 11
863 4279 989 4354 quanto
1012 4273 1045 4337 al
1066 4274 1272 4338 movimento
1294 4287 1353 4354 per

173 4379 259 4443 linea
275 4388 377 4457 reite,
391 4382 499 4447 ioscisi
519 4384 579 4445 obe
597 4383 630 4445 la
643 4384 764 4444 natura
789 4398 821 4444 se
840 4399 881 4446 ne
900 4399 995 4447 serva
1013 4400 1070 4464 per
1086 4383 1215 4451 ridurre
1233 4382 1266 4446 ol
1293 4395 1355 4444 suo
