3066 5154
601 358 755 408 armare
778 358 912 406 3333333
1285 342 1351 407 ita

173 499 383 586 proportione
399 501 455 562 tra
473 498 508 562 di
526 498 600 563 loro
616 497 648 562 13
663 495 835 578 parallelo,
852 513 919 570 ee.;
934 510 992 558 mn
1011 495 1072 560 obe
1093 495 1128 560 lt
1148 496 1351 564 diminution

175 611 259 675 delta
275 608 456 674 medesima
472 603 618 674 roioeitd
635 605 834 688 dependente
850 605 940 670 dalla
955 605 1157 672 diminution
1170 607 1257 674 della
1275 627 1353 693 gra·

171 714 241 783 viti
259 718 313 782 dei
329 716 452 782 mobile
472 713 552 802 (ebe
568 733 624 781 era
641 716 674 778 13
690 714 832 780 seoondn
849 713 967 802 causa)
983 716 1011 780 31
1025 717 1131 782 133313
1143 734 1216 783 essa
1229 736 1352 786 ancora

169 846 235 895 333
253 831 286 895 13
302 829 485 895 medesima
501 827 729 911 proportione,
747 843 814 891 non
831 823 977 908 parnasi
995 828 1179 893 manifesto.
1201 828 1230 893 E
1252 830 1306 894 obi
1321 832 1353 894 31

172 941 323 1006 33313333
338 940 400 1005 obe
419 938 486 1003 3113
499 954 564 1003 333
578 938 606 1001 si
621 936 729 1002 faceia
742 935 884 1002 secondo
898 936 931 1000 13
944 938 1158 1019 proportione
1171 938 1255 1003 delle
1268 940 1355 1004 lines

172 1053 348 1117 intereette
375 1056 430 1115 tra
456 1051 491 1115 la
518 1052 650 1130 negante
667 1064 687 1111 e
704 1049 738 1111 ia
767 1046 1025 1123 3133331333333,
1052 1066 1074 1113 3
1100 1066 1164 1130 pur
1189 1064 1274 1112 3333
1291 1065 1353 1112 333

172 1162 370 1245 proportion
388 1157 572 1242 maggioret

265 1268 355 1337 Salo.
381 1266 417 1335 13
441 1284 547 1335 aravo
566 1284 663 1350 preso
682 1283 776 1332 eome
804 1285 863 1348 per
890 1284 970 1332 vero
999 1269 1060 1332 obe
1080 1270 1111 1333 13
1131 1263 1275 1334 33133111
1302 1268 1355 1332 dei

173 1383 294 1449 mobili
301 1381 540 1446 nttnrtlmente
549 1378 760 1443 descendenti
771 1378 988 1460 segnitassero
1000 1380 1034 1443 la
1047 1381 1261 1461 proportione
1274 1378 1358 1444 delle

174 1492 252 1558 loro
270 1487 411 1573 grauis,
427 1490 462 1553 in
478 1490 591 1570 gratia
610 1488 663 1552 del
679 1488 792 1569 signor
820 1488 987 1570 Simplicio
1008 1506 1026 1552 3
1047 1489 1266 1565 d’Aristotiie,
1295 1490 1356 1553 obe

178 1605 215 1667 in
243 1598 301 1684 piri
327 1600 439 1683 luogbi
464 1598 637 1664 i'aderma
667 1615 760 1663 33333
788 1599 1013 1681 propositione
1040 1600 1229 1675 manifesta;
1247 1601 1304 1693 voi
1320 1600 1355 1663 in

178 1709 290 1793 333313
317 1708 594 1776 dell'arrersario
618 1713 737 1792 ponete
756 1706 810 1773 oid
831 1709 866 1772 in
895 1708 1031 1784 dubbio,
1059 1728 1078 1774 e
1108 1712 1243 1775 asserite
1263 1704 1357 1792 puter

176 1838 265 1886 esser
278 1821 340 1886 obe
355 1821 389 1885 13
401 1817 547 1887 33133111
561 1822 589 1885 31
604 1837 758 1885 aeeresea
772 1837 835 1885 eon
849 1821 1043 1902 proportion
1058 1824 1226 1904 maggiore
1239 1842 1258 1887 3
1273 1840 1357 1888 3333

175 1932 343 2014 13331333
353 1931 390 1995 13
399 1930 533 1996 13113113
546 1930 580 1995 (11
593 1931 704 2012 quello
714 1930 800 1996 delia
816 1926 960 2012 gravitd,
975 1931 1060 1996 onde
1072 1936 1160 1997 tutto
1174 1933 1199 1997 11
1213 1933 1357 1998 disoorso

171 2048 306 2128 passato
322 2042 428 2107 radia
447 2058 506 2124 per
526 2046 629 2105 terra:
652 2045 740 2104 33313
763 2058 783 2103 3
803 2056 858 2104 me
878 2059 936 2122 per
957 2043 1136 2125 3331333313
1152 2042 1177 2106 11
1195 2042 1278 2117 dire,
1295 2042 1356 2106 obe

174 2154 208 2218 ta
232 2151 453 2234 proportione
480 2150 564 2215 delle
590 2145 733 2216 33133111
749 2149 769 2216 d
786 2153 890 2216 molto
917 2152 1044 2217 minore
1073 2154 1108 2218 di
1135 2155 1246 2235 quella
1275 2154 1359 2219 delle

176 2256 325 2343 mrsu,
339 2278 362 2325 e
376 2256 447 2326 3331
468 2278 535 2325 333
557 2262 737 2326 solamente
759 2260 935 2337 tollerare,
956 2280 1012 2327 ma
1034 2263 1212 2329 fortificare
1234 2269 1361 2347 quanto

178 2370 210 2434 si
225 2366 246 2434 d
261 2369 402 2447 datto;e
422 2371 458 2435 di
477 2378 595 2452 questo
622 2388 664 2434 ne
691 2370 821 2436 adduco
849 2389 908 2455 per
936 2390 1041 2455 prora
1067 2375 1089 2442 1’
1101 2377 1304 2459 3333313333,
1326 2377 1361 2441 la

180 2479 282 2561 33313
298 2479 332 2543 31
346 2478 503 2546 montrera
525 2481 587 2545 ebe
612 2497 659 2545 un
690 2497 806 2564 grave,
834 2499 919 2547 anco
946 2484 1009 2547 bon
1036 2489 1145 2551 trenta
1161 2502 1181 2550 e
1196 2493 1361 2570 quaranta

179 2586 348 2674 33113313
366 2591 400 2656 di
414 2608 463 2658 un
483 2592 585 2666 altro,
601 2593 682 2673 qual
700 2592 849 2668 retenire,
872 2610 930 2674 per
948 2595 1107 2676 metopio,
1128 2612 1198 2660 nna
1217 2597 1307 2678 palla
1328 2595 1362 2659 di

176 2702 312 2784 piornbo
327 2720 348 2767 e
363 2692 434 2769 ona
451 2702 487 2766 di
503 2703 662 2784 sngbero,
679 2718 747 2765 non
765 2702 793 2765 si
809 2696 945 2766 moveri
965 2701 1007 2768 nd
1024 2720 1108 2769 aneo
1126 2722 1147 2768 a
1164 2721 1246 2785 gran
1263 2720 1362 2786 petto

175 2811 235 2897 pid
251 2814 370 2880 reione
382 2812 409 2877 11
421 2813 551 2896 dnppio.
566 2810 649 2889 Ora,
663 2828 698 2876 se
712 2813 744 2876 la
759 2812 944 2894 proiezione
957 2830 1024 2876 non
1038 2813 1065 2876 si
1081 2812 1213 2878 iarebbe
1228 2813 1362 2895 quando

175 2925 242 2989 bn
257 2920 293 2990 13
308 2917 456 2989 33133113
474 2922 527 2987 del
541 2922 679 2986 cadente
696 2923 723 2985 si
741 2921 932 2986 diminuisse
946 2922 1087 2986 secondo
1099 2922 1133 2985 ln
1146 2923 1361 3004 proportione

179 3032 269 3096 deiia
283 3022 433 3116 mritd,
461 3033 564 3097 molto
592 3048 690 3096 meno
708 3032 736 3095 si
754 2994 825 3097 nia
852 3031 930 3107 3113,
958 3032 1138 3096 1311333113
1155 3032 1217 3097 ebe
1233 3032 1318 3116 poen
1334 3033 1362 3095 si
1391 3058 1393 3063 ·

182 3137 492 3209 3333311333133111
509 3161 567 3225 per
584 3143 689 3208 molto
705 3141 766 3206 cbe
783 3143 811 3206 si
829 3142 986 3224 detragga
1007 3140 1060 3206 del
1080 3158 1168 3224 peso.
1190 3140 1247 3205 113
1267 3144 1362 3224 posto

184 3266 273 3316 anno
289 3247 562 3319 3131333133111
579 3253 607 3317 31
630 3251 822 3317 diminuisse
843 3268 906 3316 oon
928 3252 1141 3335 proportione
1163 3253 1250 3317 assai
1266 3269 1362 3334 mag-

185 3361 281 3443 giore
295 3360 330 3426 di
344 3364 455 3446 quella
471 3378 534 3428 eon
551 3363 612 3427 ebe
629 3363 657 3426 si
674 3376 834 3425 seemasse
847 3360 882 3426 13
895 3357 1040 3444 praetii,
1054 3361 1186 3445 quando
1199 3362 1263 3427 ben
1277 3378 1362 3428 tneo

184 3470 357 3537 311313333
369 3472 481 3557 puella
498 3478 601 3540 stassa
617 3488 680 3536 333
697 3471 731 3536 13
748 3471 846 3553 quale
868 3471 896 3535 si
918 3471 1160 3537 diminuiseono
1176 3473 1285 3554 quelle
1301 3490 1362 3555 pa·

185 3578 306 3646 ralleie
320 3584 374 3647 133
386 3582 420 3649 13
434 3588 590 3666 tangente
606 3600 625 3646 3
642 3584 677 3647 13
694 3581 952 3658 absumerent&
968 3581 1002 3647 io
1018 3597 1086 3645 non
1099 3586 1234 3664 penetro
1248 3600 1363 3648 nenes-

183 3687 251 3758 sitd
260 3707 404 3769 333333,
415 3694 475 3759 ebe
489 3694 537 3758 mi
550 3692 712 3775 persuade
726 3692 856 3758 daversi
870 3691 922 3756 tar
934 3692 969 3757 13
980 3690 1165 3772 proiezione
1178 3692 1214 3757 di
1225 3694 1363 3758 materie

180 3808 312 3887 quanto
329 3803 358 3868 31
374 3804 528 3886 33311333
545 3802 780 3885 leggerissime,
798 3802 873 3866 3331
891 3802 1026 3867 afferma
1040 3818 1122 3884 pute
1139 3803 1200 3866 ebe
1215 3801 1279 3865 3113
1295 3815 1363 3862 333

181 3917 209 3981 si
225 3909 314 3992 iari3
331 3912 531 3981 intendendo
549 3909 629 3996 perd
646 3912 679 3976 di
700 3912 837 3976 materie
858 3920 925 3977 nob
946 3911 1187 3995 propriamente
1207 3904 1364 3988 leggenda·

182 4026 280 4104 sime,
296 4021 370 4091 diod
387 4027 483 4109 priva
501 4025 535 4090 di
552 4023 630 4106 ogni
646 4017 777 4103 gravitd
792 4036 812 4083 e
828 4021 890 4084 ebe
904 4034 963 4102 per
980 4022 1032 4085 lor
1043 4025 1165 4086 natura
1179 4016 1310 4082 radano
1327 4013 1363 4077 in

181 4135 267 4213 3113,
282 4151 344 4201 rna
360 4134 423 4200 ebe
438 4135 729 4201 lentissimamente
746 4128 997 4203 descendano,e
1012 4129 1153 4194 abbiano
1165 4124 1364 4208 poeniseima

183 4242 327 4332 pausa.
344 4246 374 4313 11
390 4247 502 4330 orabo
519 4245 580 4310 ebe
596 4243 644 4307 mi
660 4254 781 4305 muove
799 4254 820 4301 3
838 4235 907 4303 3331
927 4236 1059 4301 eredere
1081 4233 1115 4311 d,
1135 4232 1246 4297 313313
1264 4231 1363 4296 dimi·

184 4359 325 4426 3331333
342 4357 378 4421 di
393 4351 541 4441 gratita,
559 4355 643 4418 satta
660 4348 800 4416 seeundo
820 4347 854 4413 13
870 4344 1083 4430 proportione
1104 4342 1188 4408 delle
1207 4341 1362 4425 paralleie
1429 4355 1433 4361 ’

188 4470 236 4533 tra
255 4466 292 4533 13
312 4471 472 4551 tangente
493 4485 512 4532 e
533 4467 568 4532 13
596 4461 854 4537 eiroonieranta,
878 4458 924 4525 ba
950 4474 1009 4540 per
1034 4455 1173 4522 termine
1199 4453 1318 4521 3111333
1343 4472 1361 4516 3
