3066 5154
165 291 209 357 56
510 301 642 351 nieme«)
660 301 713 348 DE!
732 299 858 350 ussit!
877 303 995 351 sismm

253 441 342 513 Soio.
360 442 388 508 E
406 443 527 526 perche
544 462 613 511 non
627 444 649 510 i’
661 448 755 511 avete
773 445 847 519 voi,
864 462 961 510 senze
978 445 1106 510 ridnrvi
1119 461 1141 509 a
1155 445 1258 509 doner
1271 461 1346 507 cre-

166 553 242 619 ‹iere
258 553 313 619 sli’
324 555 428 623 eltrni
441 556 614 632 reiszioni,
626 559 794 619 osservate
807 572 827 618 e
840 555 926 621 siste
939 556 983 620 do
994 573 1052 636 per
1065 556 1122 621 voi
1135 572 1198 619 con
1212 555 1224 617 i
1239 554 1347 619 vostri

166 665 263 731 cccii
278 666 410 750 proprii

257 770 359 861 Siosp.
380 774 502 843 Perche
522 779 598 860 quei
618 778 726 860 poesi,
746 778 829 842 oltre
852 779 885 842 al
905 795 974 842 non
995 793 1082 841 esser
1103 775 1223 857 esposti
1250 792 1272 838 a
1301 774 1351 854 gii

169 886 267 951 occini
283 888 402 963 nostri,
420 903 480 951 son
497 892 592 953 tento
610 888 744 963 remoti,
761 889 823 953 che
838 888 873 953 in
889 887 977 952 visin
997 904 1066 952 non
1086 885 1239 968 potrebbe
1261 882 1351 948 arri-

170 1011 252 1060 vsre
268 1012 290 1059 n
304 993 554 1078 comprendervi
571 997 672 1063 simili
688 997 880 1063 mutnzioni.

260 1101 348 1169 Soio.
365 1102 413 1170 Or
429 1106 560 1183 venete,
577 1124 672 1173 come
689 1107 733 1173 dn
748 1125 807 1191 per
824 1108 881 1175 voi
897 1108 1076 1174 medesimo
1097 1113 1194 1174 avete
1214 1108 1351 1172 cosnei-

172 1218 282 1283 mente
298 1221 449 1299 scopertn
464 1217 498 1282 ln
513 1217 648 1283 ieilncin
665 1218 718 1283 dei
730 1223 845 1284 vostro
858 1224 1061 1301 argomento:
1076 1213 1299 1300 imperncche,
1316 1234 1351 1282 se

172 1327 228 1391 soi
244 1326 328 1402 dite,
345 1326 407 1391 cire
423 1327 455 1390 le
471 1328 680 1405 elterezioni‚
696 1331 758 1394 che
775 1331 803 1393 si
820 1345 968 1412 vcggono
982 1328 1018 1394 in
1032 1328 1135 1393 Terra
1147 1343 1305 1412 oppresso
1316 1327 1349 1392 (ΙΙ

172 1436 243 1511 noi,
271 1452 342 1501 non
367 1437 400 1501 le
429 1443 587 1520 potreste,
608 1456 667 1521 per
683 1440 717 1504 la
738 1445 855 1522 troppo
877 1440 1042 1515 distensa,
1062 1456 1194 1520 scorger
1214 1438 1298 1503 inite
1316 1438 1350 1502 in

172 1544 341 1622 Ammicn,
356 1547 461 1611 molto
477 1565 574 1612 meno
591 1550 623 1613 le
640 1553 784 1630 potreste
801 1548 920 1613 vedere
934 1549 1023 1613 nelle
1036 1547 1147 1624 Luna,
1162 1552 1255 1613 tonte
1272 1564 1351 1612 cen·

171 1655 280 1721 tineis
295 1655 331 1720 di
346 1657 435 1723 volte
452 1655 510 1739 piir
527 1657 675 1724 lontano.
694 1659 722 1724 Ε
739 1676 773 1722 οο
787 1660 844 1723 voi
858 1658 987 1724 credete
1003 1659 1034 1724 ie
1053 1658 1247 1723 elterezioni
1262 1656 1352 1723 Mes·

174 1767 287 1833 sienne
320 1767 386 1851 agli
418 1768 525 1833 evvisi
547 1770 663 1835 venuti
684 1768 719 1833 di
740 1768 789 1844 ii,
810 1771 890 1850 quoi
911 1769 1058 1851 repperti
1087 1769 1124 1834 vi
1149 1785 1210 1833 son
1237 1769 1353 1834 venuti

176 1876 265 1943 della
283 1877 377 1943 Luna
393 1895 414 1941 a
431 1878 648 1959 significarvi,
666 1880 727 1944 ohe
742 1881 777 1943 in
791 1880 835 1944 iei
849 1897 917 1944 non
929 1879 965 1944 vi
978 1875 998 1944 e
1011 1877 1228 1943 alternzionei
1243 1879 1355 1944 edun·

175 2006 241 2070 qne
256 1987 312 2053 dei
328 2005 396 2052 non
412 1987 513 2054 veder
531 1990 587 2054 voi
603 1991 635 2054 le
657 1991 850 2054 aiternzioni
872 1990 909 2053 in
929 1987 1035 2063 Cielo‚
1057 1989 1141 2053 dove
1161 1986 1295 2070 mendo
1318 1989 1354 2053 vi

177 2099 316 2174 iussero,
331 2115 399 2164 non
414 2102 557 2180 potreste
574 2099 705 2164 vederie
721 2118 779 2181 per
797 2101 831 2165 le
848 2105 966 2181 troppn
987 2098 1153 2176 ‹listenze;
1174 2116 1194 2162 e
1213 2099 1269 2163 (iai
1282 2114 1357 2163 non

175 2223 218 2270 ne
233 2223 313 2272 ever
341 2208 520 2284 relezione,
547 2215 676 2274 mentre
702 2211 765 2275 che
787 2226 956 2275 avernen
978 2208 1006 2272 si
1027 2225 1139 2289 posse,
1161 2226 1229 2273 non
1244 2214 1357 2292 potete

176 2317 289 2399 arguir
310 2318 371 2384 cire
391 2319 454 2384 elie
475 2336 542 2385 non
559 2320 595 2385 vi
612 2320 718 2396 sieno‚
736 2337 829 2384 come
847 2318 903 2384 (inl
919 2318 1051 2382 vederle
1072 2335 1091 2382 e
1108 2315 1292 2383 intenderis
1319 2318 1355 2383 ‘m

178 2429 279 2493 Terrn
298 2428 381 2492 bene
396 2429 525 2512 arguite
542 2428 603 2493 che
619 2431 650 2495 le
666 2430 699 2493 ci
717 2446 809 2493 sono.

262 2534 362 2620 Simp.
380 2536 417 2603 io
438 2538 475 2604 vi
496 2538 628 2606 trovero
651 2540 735 2604 delle
756 2540 936 2605 mutazioni
960 2540 1085 2622 seguite
1106 2540 1142 2602 in
1164 2538 1266 2602 Terre
1288 2533 1358 2603 cosi

176 2649 313 2734 grandi,
338 2648 399 2713 cire
425 2666 459 2714 se
473 2626 518 2714 'di
544 2651 605 2715 tali
630 2668 664 2714 se
688 2667 730 2714 ne
752 2650 913 2714 incessero
936 2650 1025 2714 neila
1046 2648 1158 2724 Luna,
1179 2645 1358 2713 benissimo

176 2762 368 2847 potrebbero
383 2777 470 2825 esser
489 2766 655 2826 osservate
672 2761 706 2824 di
724 2779 791 2842 qna
807 2757 873 2842 gisi:
892 2760 955 2825 Noi
972 2760 1106 2824 nviemo
1123 2777 1180 2840 per
1195 2759 1359 2823 antichis-

178 2877 259 2941 sime
274 2872 445 2946 memorie,
461 2873 523 2936 che
541 2871 596 2954 gii
613 2872 680 2936 allo
702 2875 819 2935 stretto
837 2870 871 2933 di
889 2865 1080 2941 Gibilierra‚
1103 2868 1199 2932 Abiie
1218 2883 1238 2929 e
1254 2864 1357 2947 Colpe

177 3003 277 3054 erano
303 2983 488 3048 continuati
509 2983 645 3047 insieme
667 2998 730 3045 con
752 2981 836 3045 altre
857 2980 978 3044 minori
999 2982 1191 3058 montagne,
1212 2978 1246 3041 le
1265 2976 1358 3058 quoii

177 3106 339 3164 tenevano
356 3093 376 3159 Γ
387 3090 520 3158 Oceano
541 3093 696 3175 rispinto;
718 3108 775 3155 ma
796 3089 974 3163 essendosi,
995 3090 1075 3169 quai
1093 3104 1128 3151 se
1149 3105 1191 3159 ne
1212 3087 1306 3152 insse
1326 3086 1358 3150 Ιι

180 3226 296 3284 causa,
312 3204 451 3290 separati
470 3204 481 3266 i
501 3204 582 3267 detti
596 3203 715 3276 monti,
733 3220 752 3264 e
769 3206 883 3283 aperto
897 3199 918 3263 l'
930 3199 1020 3263 adito
1035 3197 1088 3262 all’
1099 3215 1202 3278 acque
1216 3197 1359 3269 marine,

178 3324 292 3400 queste
310 3332 455 3380 seorsero
472 3313 632 3377 talmente
655 3313 690 3375 in
712 3311 845 3385 dentro,
867 3309 928 3373 che
950 3327 992 3372 ne
1014 3309 1203 3372 sormarono
1223 3312 1315 3372 tuito
1335 3305 1357 3369 il

179 3428 271 3494 Mem
284 3425 538 3492 Mediterreneo:
555 3422 607 3486 dei
621 3422 718 3504 qrrnie
734 3435 767 3484 se
776 3421 834 3485 noi
843 3418 1103 3483 considereremo
1117 3418 1151 3482 ia
1165 3415 1359 3500 grandense,

179 3556 198 3602 e
215 3537 249 3601 ia
265 3530 424 3600 diversiti
444 3533 517 3598 deil’
530 3537 673 3615 espetto,
691 3531 752 3594 che
771 3529 880 3594 devon
897 3529 965 3592 iare
984 3533 1037 3592 tre
1054 3527 1088 3591 di
1103 3529 1175 3593 loro
1191 3528 1225 3592 la
1241 3544 1360 3607 super-

179 3646 255 3713 ticie
271 3643 343 3709 deli'
356 3645 471 3727 Aequo
488 3663 506 3708 e
523 3643 633 3725 quella
650 3641 737 3705 della
753 3640 868 3714 Terra,
881 3638 1003 3704 vedute
1017 3638 1051 3700 di
1065 3638 1218 3714 lontano,
1232 3654 1300 3702 non
1312 3636 1360 3700 he

181 3754 314 3831 mitio,
328 3754 469 3821 chenne
484 3755 549 3820 tole
563 3751 752 3817 mutazione
765 3753 885 3830 potevn
898 3748 1074 3812 benissimo
1087 3765 1175 3811 esser
1188 3762 1361 3829 compress

182 3869 226 3934 «in
241 3867 296 3933 riri
313 3868 399 3933 insse
425 3870 511 3930 stato
537 3864 626 3928 nella
654 3861 764 3936 Luna,
792 3860 932 3924 siccome
955 3858 997 3921 dn
1019 3859 1074 3922 noi
1098 3859 1253 3922 abitatori
1272 3857 1359 3922 deiin

184 3980 285 4047 Im
303 3976 402 4043 simili
424 3973 615 4042 niterazioni
644 3972 845 4036 dovrebbero
875 3969 1034 4051 scorgersi
1056 3969 1144 4030 nella
1166 3966 1276 4041 Lunn3
1304 3981 1359 4029 ms

184 4111 253 4159 ιιι
265 4092 300 4157 ei
318 4086 339 4155 i
358 4087 532 4161 memoria,
560 4084 620 4147 che
641 4083 709 4147 mni
732 4083 760 4147 si
781 4083 831 4146 sin
852 4080 977 4146 vednta
998 4094 1076 4142 cosa
1098 4077 1180 4151 tn1e;
1203 4075 1359 4155 adunque

183 4218 252 4266 m
265 4202 299 4265 ii
315 4206 403 4265 reue
420 4204 549 4265 etteceo
566 4194 609 4257 ds
626 4199 719 4273 poter
744 4191 828 4268 dire,
842 4192 903 4255 che
927 4190 1048 4253 alcuno
1065 4186 1116 4250 dei
1139 4185 1231 4266 corpi
1245 4183 1358 4250 celesti

181 4328 230 4377 ee
246 4314 418 4381 miili·
432 4330 481 4379 ec.

271 4424 353 4491 Me.
379 4425 448 4493 che
468 4419 644 4489 mntszioni
666 4408 735 4482 cosi
757 4420 849 4484 veste
872 4415 963 4481 sieno
985 4412 1109 4496 segnite
1132 4410 1220 4477 neiis
1244 4406 1359 4477 Luna,
