3066 5154
609 321 766 371 oronim
789 320 924 369 rneonni
1293 299 1353 366 121

265 457 356 540 Srqr.
374 458 442 525 Son
460 462 629 523 eontento.
646 455 696 522 Mi
711 459 821 523 trovai
834 473 883 523 un
898 457 1013 539 giorno
1027 457 1063 520 in
1075 474 1154 523 enon
1166 476 1214 524 nn
1228 458 1357 523 medion

141 558 148 572 “
174 573 274 636 molto
300 571 436 635 stimnto
463 570 501 633 in
530 568 691 643 venezia,
717 568 803 633 dove
825 567 938 633 alcuni
956 585 1014 649 per
1030 567 1064 631 Ιο
1080 569 1204 645 onon,
1220 571 1262 634 od
1280 570 1358 634 nitri

171 673 408 766 percutienti
424 679 656 745 eonvenirtno
673 678 720 743 tni
738 678 832 744 voitu
853 694 875 740 a
895 677 998 741 reden
1024 678 1165 758 qualche
1192 679 1295 759 tnglio
1325 679 1359 743 di

171 792 320 858 notomia
330 804 391 874 per
400 802 505 855 mano
514 788 624 856 niuno
634 792 825 854 veramente
838 804 906 853 non
921 801 1000 852 men
1016 787 1110 852 dotto
1125 788 1188 852 ohe
1203 788 1359 870 diligente

170 921 190 968 e
207 903 338 987 pretieo
355 899 547 966 notomintn.
564 898 615 964 Ed
631 897 776 964 neondde
792 897 870 979 quel
899 896 1014 979 giorno
1036 898 1098 961 che
1115 899 1148 963 si
1161 897 1293 964 andern
1310 897 1359 962 ri·

172 1012 339 1078 cernendo
354 1011 377 1077 l’
388 1010 516 1092 origine
528 1027 551 1075 ,e
567 1008 773 1074 nnneimento
790 1008 845 1072 dei
861 1008 971 1085 nervi,
981 1008 1123 1092 onprndi
1133 1004 1361 1075 oheeinmose

172 1123 402 1190 controversie
412 1119 615 1187 trnirned'wi
628 1115 792 1186 Geleninti
813 1138 833 1184 e
861 1118 874 1183 i
892 1118 1117 1201 Peripatetici3
1134 1137 1154 1184 e
1169 1120 1362 1186 mostrnnno

175 1235 201 1300 il
228 1233 429 1308 tentemini,
448 1247 540 1297 nome
560 1229 750 1313 pnrtendosi
772 1230 828 1295 dal
849 1229 996 1295 eerrelio
1017 1247 1037 1294 e
1063 1231 1227 1312 penando
1253 1246 1312 1314 per
1328 1231 1363 1296 ln

176 1361 267 1410 nnen
284 1344 311 1408 il
327 1341 542 1426 ρττττᾱίττίω
559 1358 665 1424 eeppo
681 1341 735 1405 dei
753 1341 866 1417 nervi,
881 1340 910 1405 ni
927 1341 1060 1407 andare
1076 1342 1132 1424 ροί
1149 1342 1363 1408 distendendo

177 1471 239 1536 per
257 1454 293 1518 ln
309 1452 434 1535 τρίττΙο
448 1469 467 1516 e
482 1451 708 1517 dirnmnndooi
725 1470 785 1534 per
800 1456 890 1517 tntto
911 1451 936 1514 il
953 1468 1069 1534 corpo,
1090 1469 1109 1516 e
1131 1454 1193 1518 che
1220 1455 1291 1520 solo
1315 1471 1363 1520 un

183 1565 244 1630 flio
253 1562 452 1628 nottiiioeinno
460 1562 589 1631 eeneii
600 1561 670 1626 reio
678 1562 836 1628 arrivnvn
846 1561 880 1626 nl
891 1579 1008 1638 onore,
1023 1563 1143 1628 voltoei
1161 1563 1204 1628 nti
1219 1582 1267 1631 nn
1283 1583 1366 1647 gen·

182 1674 335 1750 tiluono,
361 1670 487 1755 eh'egii
508 1689 695 1739 eononoova
716 1690 775 1755 per
797 1671 925 1738 filotoio
947 1670 1181 1753 Peripatetico,
1209 1690 1229 1736 e
1254 1691 1314 1754 per
1329 1676 1363 1739 le

182 1800 337 1868 presente
356 1781 408 1847 (iel
430 1782 531 1864 quale
547 1784 613 1866 egli
630 1801 739 1870 nrorn
755 1800 819 1849 eon
837 1781 1093 1847 entraordinarin
1111 1782 1274 1864 diligenzn
1286 1784 1365 1849 'reo-

179 1899 273 1978 perto
293 1912 313 1958 e
333 1897 497 1959 mootreto
519 1893 663 1970 iltntto,
681 1894 726 1976 gli
744 1892 909 1959 domando
927 1892 951 1957 τ’
964 1892 996 1957 ei
1014 1897 1146 1957 reetevn
1164 1893 1227 1957 ben
1243 1911 1366 1976 pngoe

175 2006 301 2082 nieuw,
318 2003 340 2070 i’
350 2003 481 2086 origine
499 2003 552 2068 dei
569 2005 666 2068 nervi
682 2006 780 2070 venir
798 2006 854 2069 dnl
875 2004 1021 2070 eervelio
1043 2021 1063 2067 e
1083 2020 1151 2068 non
1173 2004 1229 2069 dni
1250 2021 1366 2081 onore:

176 2117 211 2183 ai
230 2117 332 2199 qnnie
353 2115 380 2181 ii
399 2115 544 2191 iilntoio,
565 2115 652 2197 dopo
672 2133 780 2180 essere
802 2121 891 2182 stato
909 2116 1068 2197 alquanto
1085 2131 1183 2197 sopra
1199 2115 1234 2179 di
1250 2112 1299 2193 se,
1318 2116 1366 2181 ri-

176 2225 370 2308 nmunt-Vni
396 2225 446 2291 mi
474 2231 572 2291 avete
593 2225 677 2291 iatto
694 2226 795 2291 vener
812 2230 930 2307 questa
947 2241 1025 2289 oona
1043 2225 1200 2290 telmente
1219 2232 1367 2309 npertno

180 2336 406 2411 sensatam
421 2336 556 2418 wando
572 2336 598 2401 il
615 2341 701 2401 testo
719 2335 750 2400 d’
760 2336 931 2401 Aristotile
949 2353 1017 2400 non
1033 2335 1123 2401 iuste
1141 2336 1175 2400 in
1185 2339 1367 2412 contrario,

185 2444 250 2508 ohe
266 2449 485 2525 enemente
501 2446 573 2511 dice
590 2446 603 2510 i
621 2445 717 2511 nervi
733 2462 852 2510 nnseer
868 2445 925 2511 del
939 2463 1055 2522 onore,
1068 2446 1301 2528 bisognerehbe
1310 2435 1368 2531 per

182 2553 277 2619 som
292 2552 487 2621 coneneie
505 2575 564 2639 per
579 2575 671 2623 vern.

273 2661 374 2747 Simo.
391 2664 535 2748 signori,
554 2668 587 2731 io
597 2666 709 2749 voglio
719 2667 781 2730 che
791 2668 848 2732 roi
863 2667 1010 2750 nappinte
1026 2669 1088 2733 che
1101 2675 1220 2750 questo
1235 2669 1367 2754 dioputn

179 2774 257 2842 deii’
267 2774 396 2858 origine
423 2777 478 2842 dei
506 2777 602 2843 nervi
630 2793 699 2841 non
715 2774 735 2842 ὸ
753 2775 841 2842 mien
859 2773 928 2842 cosi
947 2778 1094 2843 smaltita
1110 2795 1129 2841 e
1146 2777 1256 2842 decisa
1274 2795 1368 2843 eome

178 2888 267 2954 torte
283 2888 408 2953 nlouno
424 2888 453 2953 ti
469 2888 641 2971 persuade.

256 2994 369 3081 Soor.
384 2995 435 3068 Ne
451 2994 528 3065 seri
544 2999 614 3065 mni
631 3000 665 3064 al
682 3001 807 3077 sienne,
823 3017 918 3065 rome
936 2999 963 3064 si
982 2999 1170 3065 abbianodi
1180 2999 1370 3083 similiveon*

183 3106 697 3192 treoittornmaquestocnevoi
714 3111 781 3175 dite
801 3127 870 3176 non
897 3110 1091 3175 diminuinee
1108 3115 1214 3192 punto
1232 3111 1265 3175 la
1282 3114 1369 3174 stra-

186 3235 337 3300 vngnnza
352 3220 440 3287 nella
461 3220 604 3304 rispostn
625 3221 678 3287 del
699 3220 932 3304 Peripatetico,
954 3220 979 3286 il
1001 3222 1099 3303 quale
1120 3225 1237 3285 contro
1259 3237 1280 3284 n
1301 3214 1385 3283 eoni-

188 3334 320 3394 nenontn
327 3331 514 3414 aperiente
524 3331 759 3414 nonprodusse
777 3331 862 3396 altre
879 3331 1065 3414 erperienze
1081 3348 1102 3395 ο
1118 3329 1246 3412 regioni
1262 3328 1372 3397 d’Ari·

191 3436 322 3514 ntotiie,
335 3456 391 3505 nra
405 3442 439 3507 in
451 3442 527 3543 poia
543 3435 689 3507 nntoriti
706 3441 748 3505 eti
764 3441 789 3505 ii
805 3458 889 3523 puro
912 3442 977 3522 ipre
995 3439 1088 3504 dixit.

283 3543 383 3631 Stmp.
400 3548 569 3618 trientite
590 3569 658 3617 non
679 3551 707 3616 si
729 3548 748 3616 ὸ
769 3552 957 3634 aequistate
973 3545 1001 3615 ni
1021 3550 1144 3632 grande
1162 3546 1320 3627 autenti,
1339 3568 1373 3615 se

186 3674 258 3725 non
274 3677 339 3743 per
353 3660 389 3726 ln
403 3662 490 3728 intra
503 3664 589 3729 delie
611 3680 669 3728 sue
693 3661 940 3728 dimostranioni
962 3678 981 3724 e
1003 3661 1090 3726 della
1111 3656 1300 3743 protendite
1321 3659 1374 3724 dei

186 3769 263 3836 suoi
280 3769 439 3848 dineorsh
453 3787 509 3839 nnn
523 3773 662 3856 bisogna
672 3771 871 3851 intendente,
880 3791 900 3837 e
909 3789 977 3837 non
987 3771 1167 3837 solamente
1177 3768 1373 3841 intendente,

186 3898 244 3946 m
262 3898 345 3946 aver
361 3885 456 3947 tento
472 3901 556 3966 gron
572 3884 701 3966 pratien
717 3883 768 3947 ne'
783 3884 856 3949 suoi
871 3883 968 3959 libri,
983 3883 1045 3948 eho
1062 3900 1096 3947 se
1113 3900 1155 3946 ne
1171 3882 1221 3945 oin
1235 3880 1376 3943 formate

185 3990 330 4057 un'idea
346 3992 597 4074 notatissimo,
615 3994 651 4058 in
668 3993 845 4057 monnone
862 3993 941 4073 ogni
959 4010 1020 4060 sno
1039 3993 1129 4057 detto
1144 3991 1179 4055 vi
1192 3989 1377 4066 sinsempre

186 4102 323 4167 innanzi
341 4103 415 4168 nlla·
427 4111 554 4181 mente3
570 4101 691 4188 perche
708 4103 735 4169 e'
747 4119 814 4166 non
832 4101 877 4165 ha
895 4103 1010 4167 oeritto
1026 4120 1085 4183 per
1104 4101 1129 4163 ii
1150 4097 1264 4176 volgo,
1277 4090 1327 4165 ,ne
1348 4096 1376 4160 ti

186 4210 395 4295 eohbiignto
411 4231 434 4279 a
451 4214 601 4280 nonne
620 4216 631 4280 i
648 4215 721 4281 suoi
739 4211 909 4294 sillogismi
926 4209 1121 4275 eolmetodo
1137 4205 1270 4271 triviale
1286 4205 1378 4273 ordi-

189 4310 284 4402 netn;
302 4324 589 4392 anzi-nervenensi
605 4326 659 4391 dei
677 4325 870 4407 perturbato
886 4322 930 4386 hn
948 4336 1055 4384 messe
1071 4316 1212 4383 talroitn
1226 4317 1261 4382 le
1273 4333 1379 4400 ρτοττ

192 4433 225 4501 ni
239 4453 310 4505 nne
322 4437 558 4520 *propositione
574 4437 629 4503 ira
645 4437 736 4512 teeti,
752 4437 814 4503 ohe
838 4451 899 4517 par
921 4432 982 4499 one
1000 4428 1280 4519 trattinodiogni
1292 4429 1378 4497 altro

274 4541 401 4604 nimo
419 4543 664 4605 Gonni-Tou.
684 4543 708 4598 Ι.
1194 4537 1224 4592 8*
