3066 5154
629 343 785 393 ersmers
806 343 942 392 stoouna
1315 328 1383 397 ,131

196 483 263 547 cha
279 478 329 544 coi
344 478 550 544 movimento
567 479 736 544 mediocre
754 478 788 544 oi
804 498 851 546 un
870 480 940 545 scio
962 479 1094 544 intorno
1116 482 1149 546 ai
1170 497 1231 548 uro
1248 484 1384 566 proprio

197 595 311 656 centro
327 595 449 672 potera
466 589 650 655 ottenersii
1318 652 1320 657 ,

284 696 386 781 Siasp.
404 698 442 764 lo
459 717 530 764 non
548 701 632 765 oeno
648 701 797 778 utendo,
816 717 911 766 come
926 705 1042 783 questo
1063 703 1281 783 grandissimo
1296 711 1386 771 moto

194 811 246 876 sia
260 826 356 875 come
373 808 469 874 nulio
486 828 547 892 per
564 810 589 875 il
607 809 696 888 soie,
711 829 770 894 per
788 812 823 876 ia
844 810 955 886 Luna,
977 829 1036 892 per
1057 812 1103 893 gli
1124 813 1202 877 altri
1222 815 1345 895 pianeti
1366 834 1385 879 e

193 939 254 1005 per
274 919 297 985 l'
308 919 552 984 innumerabile
573 919 701 985 schiera
722 921 808 986 delle
830 921 922 986 stelle
945 921 1033 984 iisse:
1053 939 1072 986 e
1089 939 1183 987 come
1205 923 1309 989 direte
1328 926 1384 990 voi

194 1047 286 1096 esser
302 1030 398 1095 nulla
415 1030 441 1094 ii
457 1045 590 1112 pessare
606 1030 630 1094 il
649 1029 725 1096 sote
743 1030 787 1094 siu
803 1047 852 1096 un
867 1029 1052 1096 meridiano
1074 1030 1128 1096 all'
1141 1031 1244 1108 altro,
1266 1033 1384 1099 altarsi

195 1158 299 1222 sopra
315 1145 435 1222 questo
451 1139 630 1216 numento,
651 1140 839 1206 mosomi
858 1145 945 1205 sotto
965 1141 1091 1221 quello,
1112 1159 1264 1207 arrecare
1283 1160 1344 1208 ora
1360 1143 1385 1208 ii

195 1250 331 1332 giorno,
352 1266 415 1314 ora
434 1248 469 1312 ia
491 1252 596 1323 notte;
622 1247 724 1312 simili
752 1248 936 1314 variationi
954 1250 1005 1314 iar
1021 1250 1055 1313 la
1072 1249 1182 1326 Luna,
1203 1269 1222 1315 o
1241 1251 1289 1332 gli
1307 1252 1385 1317 altri

197 1359 328 1442 pianeti
347 1375 367 1422 e
384 1359 416 1423 le
432 1357 524 1423 stelio
540 1356 615 1421 iisse
632 1356 776 1422 moueat

293 1464 382 1531 Soio.
399 1466 492 1533 iuste
518 1471 642 1531 coteste
670 1466 853 1531 variationi
882 1470 1072 1532 raooontata
1094 1469 1138 1534 da
1159 1471 1215 1536 voi
1236 1488 1304 1536 uon
1325 1489 1384 1538 son

201 1577 319 1651 nulia,
335 1593 369 1640 se
384 1593 448 1640 non
464 1576 499 1639 in
516 1575 682 1640 relatione
700 1575 768 1641 alla
785 1575 900 1651 Terra3
917 1594 937 1640 e
954 1577 1017 1641 eho
1034 1574 1088 1643 oio
1106 1579 1155 1643 sia
1171 1598 1264 1655 veru,
1281 1583 1385 1648 rimo-

200 1692 283 1751 vete
296 1701 357 1751 oon
370 1684 395 1750 l'
403 1684 682 1766 imaginatione
700 1685 735 1750 la
750 1685 869 1761 Terra,
886 1703 953 1750 non
972 1692 1061 1752 resta
1077 1684 1133 1768 piri
1153 1689 1185 1752 al
1203 1691 1325 1756 mondo
1341 1691 1384 1757 ne

199 1791 404 1873 noscerent
422 1799 611 1860 tramontar
628 1795 663 1858 di
680 1795 754 1862 Soie
772 1815 794 1862 ο
810 1796 844 1860 di
866 1794 976 1871 Luna,
998 1792 1040 1859 ne
1058 1797 1233 1873 orittonti,
1254 1797 1296 1863 ne
1312 1819 1384 1865 me-

194 1907 331 1984 ridiani,
348 1903 393 1972 ne
411 1906 536 1988 giorni,
565 1903 609 1970 ne
632 1909 735 1982 notti3
757 1903 800 1972 ne
822 1907 857 1971 in
887 1922 1015 1971 sontum
1040 1924 1099 1989 per
1116 1909 1165 1973 tal
1180 1911 1384 1976 morimonto

189 2023 292 2083 'name
309 2017 382 2082 mai
398 2015 590 2082 mutatione
609 2017 732 2081 monna
748 2022 802 2082 tra
819 2017 853 2080 ia
870 2015 967 2083 Luna
982 2034 1001 2080 a
1016 2015 1038 2081 Ἰ
1053 2016 1142 2093 Sole,
1155 2036 1177 2082 o
1190 2018 1273 2084 altre
1287 2021 1384 2102 qnal-
1488 2014 1494 2023 '

190 2128 358 2210 sisogliuo
369 2126 567 2203 stelle,·sian
580 2127 656 2192 iisse
670 2145 692 2192 o
705 2127 846 2202 erranti3
859 2144 916 2190 ma
930 2131 1017 2192 tutte
1031 2127 1062 2192 le
1075 2129 1258 2194 mutationi
1271 2130 1383 2195 hanno

190 2238 356 2304 relatione
373 2238 443 2303 atla
461 2237 578 2313 Terra,
595 2238 626 2301 le
638 2236 731 2319 quali
749 2241 836 2302 tutte
850 2236 885 2300 in
903 2253 1031 2302 somma
1042 2255 1112 2303 non
1127 2239 1315 2321 importuno
1328 2242 1383 2323 poi

194 2351 282 2414 aluo
297 2348 360 2412 ohe
376 2348 399 2410 Ἰ
414 2353 576 2413 mostrare
593 2348 618 2412 il
635 2347 713 2413 Sole
729 2365 789 2413 ora
808 2346 876 2412 alla
889 2344 987 2422 Cina,
1004 2348 1058 2430 poi
1073 2349 1140 2413 aila
1154 2348 1280 2424 Persia,
1297 2351 1383 2434 dopo

196 2455 592 2540 all’EgittoaiitGrecia,
602 2457 670 2522 aila
680 2457 833 2533 Francia,
847 2457 913 2522 alla
929 2457 1383 2540 spagna‚a11’america‚ee.‚

197 2569 286 2633 esar
302 2568 326 2633 Γ
336 2569 451 2654 istesso
467 2567 555 2631 detta
571 2566 667 2632 Luna
684 2585 703 2631 e
722 2566 776 2631 dei
798 2572 886 2631 resto
909 2567 961 2631 dei
983 2570 1075 2650 corpi
1098 2571 1225 2636 celesti:
1248 2573 1282 2636 iu
1302 2571 1381 2652 quai

190 2664 317 2744 iattura
336 2694 436 2760 segue
452 2677 704 2759 puntualmente
720 2680 775 2742 nel
792 2678 891 2744 modo
908 2678 1102 2754 medesimo‚
1125 2697 1175 2755 se,
1197 2698 1295 2745 senta
1317 2681 1382 2744 im-

182 2789 303 2872 ‘isrigar
320 2784 350 2854 si
368 2805 451 2870 gron
469 2791 563 2869 parte
580 2785 656 2851 deii’
665 2787 839 2865 universo,
855 2788 883 2852 si
900 2789 1008 2853 faccia
1022 2789 1161 2870 rigirare
1179 2790 1214 2851 in
1228 2785 1263 2852 se
1277 2793 1381 2852 stesso

188 2899 333 2982 iipiobo
350 2897 529 2963 Terrestre.
548 2894 609 2963 Ma
629 2896 866 2979 raddoppiamo
894 2899 928 2962 la
957 2892 1115 2962 diffiooita
1140 2915 1203 2962 oou
1226 2897 1282 2963 un'
1294 2898 1380 2960 altra

190 3008 429 3091 grmfiauma,
443 3007 479 3072 ia
497 3006 594 3088 quale
610 3003 645 3083 ὲ,
662 3009 725 3072 che
741 3008 875 3090 qnando
896 3008 925 3071 si
948 3007 1142 3072 attribuisse
1159 3011 1276 3088 questo
1298 3022 1380 3097 man

192 3123 285 3183 moto
301 3118 336 3182 ai
351 3115 460 3193 Gielo,
476 3117 614 3198 bisogna
629 3116 664 3181 di
680 3111 844 3181 necessita
860 3118 944 3182 tario
963 3117 1135 3182 contrario
1151 3118 1185 3182 ai
1202 3116 1285 3181 moti
1301 3133 1381 3196 par·

192 3227 327 3292 tiooias'i
344 3227 378 3293 sii
392 3227 475 3294 tutti
487 3226 536 3309 gli
547 3227 619 3292 orbi
634 3227 686 3291 dei
700 3227 839 3309 pianeti‚
857 3227 909 3291 dei
924 3227 1016 3309 quali
1029 3227 1265 3302 ciascneduno
1283 3240 1378 3289 senta

194 3337 433 3414 controversia,
448 3337 500 3402 ira
520 3336 546 3401 il
565 3336 770 3402 movimento
798 3353 859 3403 suo
880 3337 1013 3420 proprio
1034 3337 1078 3402 da
1098 3336 1267 3401 occidente
1283 3351 1381 3402 verso

194 3445 342 3522 oriente,
353 3463 372 3510 e
383 3451 499 3529 onemo
513 3447 600 3511 assai
613 3447 783 3528 piaoevole
796 3465 815 3511 e
828 3449 1014 3525 moderato;
1029 3467 1047 3511 e
1061 3449 1202 3514 caurien
1214 3448 1270 3530 poi
1282 3448 1380 3529 iurgii

191 3553 309 3636 rapira
323 3553 361 3618 in
376 3558 555 3633 saumario,
572 3553 645 3621 eice
663 3557 706 3622 da
722 3558 849 3624 oriente
866 3558 902 3622 in
918 3559 1104 3633 occidente,
1125 3558 1169 3622 da
1188 3564 1306 3641 questo
1323 3576 1380 3624 ra-

188 3663 368 3747 pidissimo
385 3670 473 3731 moto
488 3666 623 3744 diurn03
641 3668 727 3733 dore
743 3669 806 3733 che
822 3668 990 3733 tacendosi
1012 3685 1151 3735 muover
1168 3669 1204 3734 la
1220 3669 1322 3734 Terra
1343 3668 1379 3731 in

186 3769 226 3838 ἢ
242 3777 366 3851 messa,
385 3773 415 3839 si
431 3774 503 3842 iera
518 3778 554 3843 la
569 3773 772 3843 conuenere
785 3779 836 3842 de’
851 3780 948 3856 moti,
965 3797 984 3842 e
998 3779 1024 3843 il
1037 3780 1106 3844 solo
1119 3780 1322 3846 movimento
1336 3777 1379 3840 da

187 3883 363 3950 occidente
380 3884 417 3951 in
433 3888 559 3953 oriente
576 3889 605 3953 si
620 3888 800 3954 accomoda
813 3905 835 3953 a
847 3893 933 3954 tutte
947 3889 979 3954 le
992 3907 1190 3973 apparente,
1203 3907 1222 3952 e
1235 3884 1378 3953 soddista

170 3998 315 4061 atnoe
331 3997 625 4079 compiutamente.

278 4103 381 4189 Sionp.
398 4105 535 4184 Quanto
552 4109 619 4174 alla
632 4101 833 4175 contrariete
855 4107 907 4171 dei
928 4110 1010 4174 moti
1027 4107 1263 4193 importerebhe
1281 4121 1379 4186 poco,

185 4213 308 4298 perche
328 4217 500 4284 Aristotiie
519 4219 677 4286 mostra
693 4220 755 4284 che
772 4218 784 4282 i
802 4217 885 4282 moti
904 4218 1056 4283 circolari
1070 4236 1138 4283 non
1151 4233 1211 4281 sou
1232 4214 1376 4297 contrari

187 4325 242 4391 ira
259 4326 294 4392 di
307 4327 396 4404 loro;
415 4347 434 4392 e
450 4329 514 4395 ohe
528 4330 564 4395 la
580 4333 652 4396 loro
668 4348 735 4396 non
753 4330 781 4394 si
796 4325 864 4413 pua
880 4328 1031 4393 chiamar
1049 4345 1130 4393 vera
1145 4325 1355 4393 contrariete.

214 4440 219 4448 '
279 4435 369 4505 Sota.
381 4437 431 4506 Lo
444 4440 606 4510 dimostra
620 4440 803 4521 Arisoute,
817 4460 839 4508 o
851 4459 915 4525 pur
925 4440 958 4506 io
968 4438 1042 4507 dice
1051 4440 1246 4520 solamente,
1257 4435 1377 4525 perche
