3066 5154
177 298 219 363 liti
520 309 652 360 nnwoo
672 311 725 359 nn
744 309 870 359 ιιιειιιιι
889 309 1008 356 anesin

176 447 312 514 comesi
332 446 423 528 (lise,
438 448 555 534 perdes
570 453 606 518 la
622 453 770 520 bnmola:
798 444 897 530 pelo,
914 448 1020 528 prima
1047 447 1107 510 ohe
1136 447 1191 510 iar·
1207 445 1357 526 maggior

175 557 326 633 cumulo,
344 568 526 644 proponete
544 562 575 627 ie
592 569 703 629 vostm
719 551 885 657 iliffieolti.

264 664 361 751 Seor-
378 669 456 750 Voi,
473 675 608 738 insieme
624 688 686 736 eon
703 667 884 743 aristotile,
898 666 941 730 da
955 666 1115 748 principio
1129 666 1176 729 ml
1190 668 1361 746 separaste
1384 726 1386 736 ,

176 781 336 863 alquanto
355 781 410 847 dal
429 782 552 848 Montio
570 777 719 844 sensibile
735 795 795 860 per
814 775 991 841 additarmi
1008 774 1029 838 l'
1043 775 1275 848 architettura,
1291 789 1360 835 oon

176 891 210 955 la
227 893 325 975 quale
340 893 404 974 egli
424 892 552 954 dovova
567 904 655 951 esser
672 887 871 963 iabbrioato,
889 904 908 949 e
923 902 989 949 eon
1007 885 1075 948 mio
1097 888 1193 966 gusto
1218 883 1265 945 mi
1296 899 1360 946 oo-

175 1002 348 1065 minciaste
367 1014 387 1059 a
405 997 475 1060 dire
497 996 557 1060 che
579 996 603 1059 il
626 1013 727 1077 corpo
745 996 896 1062 naturale
913 991 931 1056 e
950 1012 1008 1076 per
1026 992 1360 1067 naturamobile,es-

175 1106 276 1173 sendo
291 1104 353 1168 else
369 1104 397 1167 si
413 1101 433 1169 ὁ
451 1102 592 1170 diffinito
609 1105 738 1171 altrove
756 1106 789 1169 la
807 1111 930 1170 natura
939 1121 1026 1168 esser
1036 1103 1198 1187 principio
1209 1103 1243 1166 (li
1253 1110 1357 1168 moto.

174 1215 239 1293 Qni
255 1213 301 1276 mi
319 1229 448 1295 naoqne
465 1230 513 1278 nn
528 1231 612 1295 poen
630 1214 665 1277 ‹li
683 1214 820 1290 dubbi03
838 1233 857 1278 e
877 1215 930 1290 iu,
950 1231 1009 1296 per
1025 1213 1104 1294 qual
1120 1215 1257 1295 ongione
1277 1213 1358 1276 Ari-

174 1321 282 1389 stotile
303 1337 371 1385 non
392 1321 478 1386 disse
504 1323 564 1386 che
586 1323 636 1386 de’
649 1326 741 1407 carpi
762 1324 909 1390 naturali
929 1323 1041 1389 alcuni
1066 1339 1148 1388 sono
1165 1323 1278 1388 mobili
1297 1341 1357 1405 per

172 1440 292 1497 natura
315 1448 334 1495 e
356 1431 434 1495 altri
453 1431 631 1509 immobili,
647 1432 861 1517 avvegnaehe
872 1433 960 1497 neila
971 1431 1166 1497 delinizione
1176 1433 1254 1497 vien
1264 1432 1357 1497 detto

172 1544 335 1607 lanatum
349 1558 439 1606 osser
457 1541 621 1623 principio
630 1543 665 1608 di
682 1550 774 1609 moto
790 1561 809 1606 e
828 1542 862 1606 di
880 1542 1005 1624 quiete3
1024 1541 1084 1605 che
1102 1558 1136 1606 se
1154 1543 1166 1605 i
1182 1542 1274 1626 eorpi
1292 1559 1357 1607 na·

171 1651 274 1716 turali
290 1651 403 1717 hanno
420 1651 499 1715 tutti
528 1652 692 1734 principio
721 1654 755 1717 di
782 1653 1003 1727 monimento,
1031 1668 1053 1714 o
1080 1667 1148 1715 non
1175 1669 1354 1717 oeoorreva

171 1769 292 1829 molter
310 1763 344 1827 la
359 1761 468 1844 quiete
485 1760 573 1823 nella
591 1760 786 1827 delinizione
803 1761 890 1826 delia
907 1767 1043 1836 natura,
1060 1778 1082 1824 o
1097 1777 1165 1826 non
1176 1779 1355 1827 ocooneva

174 1874 274 1941 indnr
292 1873 339 1937 lai
355 1869 549 1935 delinitione
567 1871 602 1932 in
619 1877 736 1952 questo
753 1874 862 1954 luogo.
882 1870 1016 1948 Quanto
1033 1871 1089 1952 poi
1099 1871 1353 1936 aldiohiararmi

173 1984 265 2068 quali
280 1981 345 2061 egli
364 1978 500 2044 intenda
516 1995 605 2042 esser
629 1981 641 2041 i
659 1982 854 2049 movimenti
870 1981 1034 2064 semplioi,
1052 1999 1070 2044 e
1089 1998 1182 2046 come
1198 1982 1229 2045 ei
1240 1983 1285 2063 gli
1296 1983 1355 2047 de-
1386 1963 1391 1973 ’

172 2091 313 2161 termina
340 2089 429 2170 dagli
458 2090 565 2170 spazj,
595 2088 793 2157 chiamando
812 2091 959 2173 semplioi
986 2091 1088 2172 quelli
1106 2092 1166 2156 che
1195 2092 1223 2156 si
1253 2093 1355 2162 lanno

170 2220 228 2287 par
243 2200 329 2265 lineo
345 2197 509 2280 sempliei,
530 2195 591 2264 ohe
619 2200 679 2264 tali
699 2218 779 2265 sono
797 2204 831 2266 la
848 2201 1008 2268 oimolam
1041 2218 1060 2265 e
1087 2201 1122 2270 la
1150 2207 1236 2269 reita
1266 2206 1356 2269 sola-

172 2316 299 2387 mente,
315 2311 348 2377 lo
367 2311 480 2378 ricevo
500 2310 741 2390 quietamente,
758 2310 800 2376 ne
818 2314 865 2377 mi
882 2330 964 2377 curo
981 2312 1016 2375 (li
1033 2314 1257 2398 sottiliazargli
1276 2317 1354 2379 l’in-

173 2432 286 2491 stema
297 2421 489 2488 dellaEiioa
501 2421 633 2485 intorno
653 2425 685 2486 al
703 2421 866 2500 Cilintlro,
884 2424 945 2490 ohe
963 2442 1021 2507 per
1038 2442 1126 2490 esser
1143 2427 1179 2488 in
1196 2429 1274 2509 ogni
1293 2446 1354 2493 sna

172 2540 265 2618 parte
283 2531 391 2598 simile
408 2549 429 2594 a
446 2527 480 2594 se
500 2536 618 2608 stesso,
635 2551 695 2614 par
712 2535 774 2598 che
793 2536 820 2599 si
838 2541 964 2616 potesse
983 2551 1170 2601 annoverar
1192 2542 1244 2601 tra
1260 2539 1290 2602 le
1310 2539 1354 2600 li-

173 2662 233 2711 nee
251 2640 409 2722 semplioi.
427 2639 484 2704 Ma
502 2642 549 2704 mi
568 2641 692 2710 risento
709 2645 791 2710 hene
809 2646 967 2725 alquanto
988 2644 1043 2707 nel
1065 2645 1199 2711 sentirlo
1220 2647 1355 2711 sistrin-

172 2773 247 2841 gere
268 2750 419 2839 (mentre
436 2768 498 2832 par
514 2753 576 2815 ohe
593 2771 656 2818 oon
675 2756 758 2819 altre
775 2754 888 2838 parole
906 2754 1017 2835 voglio
1035 2754 1176 2837 replicas
1191 2755 1223 2818 le
1237 2754 1355 2819 mede-

174 2870 254 2934 sime
273 2859 482 2948 delinizioni)
502 2863 701 2929 achiamare
710 2864 820 2946 quello
830 2864 1034 2929 monimento
1044 2864 1356 2940 intomoalmezzo,

174 3000 193 3044 e
221 2983 335 3060 questo
362 2989 490 3037 sorsum
514 2981 543 3035 et
564 2973 722 3048 morsum,
744 2973 815 3040 oioe
834 2977 869 3040 in
891 2992 929 3040 sn
951 2976 1024 3038 ein
1046 2970 1117 3056 gisi,
1134 2975 1158 3039 li
1176 2975 1267 3057 quali
1285 2982 1356 3040 ter-

173 3090 257 3155 mini
275 3104 342 3152 non
360 3085 387 3149 si
404 3101 511 3149 nsano
529 3085 617 3150 fuori
628 3087 680 3151 del
691 3086 812 3152 mondo
823 3086 1020 3162 iabbricato,
1031 3085 1129 3149 malo
1140 3090 1356 3166 snppongono

172 3215 240 3263 non
258 3215 321 3280 pur
338 3194 534 3269 iahbrioato,
553 3197 659 3262 madi
677 3197 731 3280 gia
750 3199 876 3263 abitato
894 3197 937 3260 da
953 3198 1020 3261 noi.
1049 3194 1116 3262 Che
1145 3211 1180 3258 se
1208 3195 1233 3257 il
1262 3201 1356 3259 moto

173 3310 257 3371 netto
275 3303 294 3369 e
312 3305 465 3386 semplioe
481 3324 540 3387 per
559 3308 591 3370 la
610 3305 793 3391 semplicita
811 3308 897 3372 della
915 3308 1004 3373 linea
1022 3313 1123 3383 retta,
1140 3325 1158 3370 e
1176 3322 1210 3369 se
1228 3307 1252 3369 il
1263 3311 1356 3370 moto

173 3416 326 3499 semplioe
342 3414 361 3480 e
378 3420 547 3494 naturale,
568 3421 618 3484 sia
635 3437 699 3502 pur
717 3421 781 3501 egli
798 3421 883 3485 fatto
905 3437 964 3501 per
994 3417 1214 3499 qnalsivoglia
1242 3434 1355 3492 verso,

172 3529 247 3593 (lico
266 3528 300 3593 in
319 3547 373 3603 su,
391 3530 426 3594 in
445 3526 517 3612 giis,
536 3531 687 3604 innanzi,
704 3530 862 3605 indietro,
882 3546 903 3591 a
919 3529 1028 3592 destra
1046 3546 1064 3591 e
1083 3544 1104 3591 a
1121 3527 1270 3603 sinistra,
1287 3543 1355 3591 ese

172 3642 258 3706 altra
276 3640 451 3706 differenza
470 3641 498 3704 si
514 3636 581 3721 puo
600 3641 831 3722 immaginare,
849 3636 974 3721 pmcne
987 3634 1261 3714 slaretto,dovra
1272 3654 1356 3702 con-

173 3750 285 3817 venire
302 3767 323 3814 a
339 3751 482 3833 qualche
501 3767 603 3831 corpo
619 3751 773 3814 naturale
790 3749 958 3832 semplioe;
977 3767 999 3813 o
1016 3767 1049 3814 se
1069 3767 1130 3825 no,
1147 3750 1181 3813 la
1202 3749 1355 3833 supposi-

174 3865 266 3929 zione
283 3860 496 3927 d’Aristotile
514 3857 533 3924 e
552 3860 778 3924 manchevole.
796 3859 913 3925 Vedesi
932 3862 967 3926 in
984 3863 1082 3936 oltre,
1099 3862 1161 3924 ohe
1183 3858 1355 3923 Aristotile

175 3989 334 4048 acoenna,
354 3989 402 4037 un
425 3973 495 4037 solo
506 3988 593 4036 esser
613 3972 646 4035 al
663 3968 786 4037 Mondo
804 3972 827 4037 il
846 3978 938 4038 moto
954 3973 1129 4047 ciroolare,
1147 3989 1165 4035 e
1184 3972 1220 4035 in
1237 3984 1356 4034 conse-

172 4102 300 4163 guenza
316 4100 364 4151 un
382 4084 452 4148 solo
470 4089 599 4158 centro,
617 4084 764 4167 alquale
784 4086 853 4148 solo
871 4086 899 4147 si
918 4084 1111 4149 rilerisoano
1129 4083 1140 4144 i
1159 4079 1356 4145 monimenti

171 4195 247 4256 retti
266 4195 301 4257 in
320 4213 359 4261 su
376 4212 395 4259 e
415 4195 451 4258 in
470 4190 537 4275 giis.
557 4195 647 4262 Tutti
665 4195 781 4276 iudizj,
804 4193 854 4255 oh'
867 4195 930 4275 egli
950 4194 994 4256 lm
1012 4192 1097 4256 mira
1122 4191 1155 4253 di
1174 4189 1355 4255 cambiarci

171 4301 202 4364 le
219 4309 309 4366 carte
328 4305 364 4369 in
382 4323 495 4380 mano,
512 4326 530 4369 e
549 4308 582 4370 di
601 4308 712 4372 volere
733 4305 928 4369 accomodes
947 4303 1188 4368 l'arohitettnm
1203 4301 1358 4367 allaiab-

173 4412 280 4489 briea,
298 4432 315 4476 e
334 4432 401 4480 non
418 4416 580 4482 costruire
598 4416 631 4480 la
648 4414 795 4480 labbriea
812 4414 981 4480 conlorme
999 4414 1029 4479 ai
1050 4415 1186 4495 procelli
1209 4412 1284 4478 dell’
1297 4429 1354 4477 an
