3066 5154
630 295 783 354 erorum
802 306 897 354 ιιιιι
1308 294 1352 361 49

173 465 275 514 mnne
290 448 398 512 soriti:
414 463 511 512 nome
528 448 642 529 quello
658 447 713 512 dei
728 446 919 525 Grndiorm,
937 450 998 514 che
1020 449 1138 515 dicere
1160 449 1221 514 ebe
1239 452 1317 517 tutti
1338 453 1351 515 i

173 557 339 624 Gandiotti
355 575 457 623 erano
474 557 647 639 bugiartii,
665 555 742 640 peni
757 558 895 622 essendo
913 559 978 641 egli
995 557 1171 625 Cendiotto
1187 560 1310 625 veniva
1332 578 1352 624 a

174 669 225 733 dir
239 669 276 733 ln
290 668 409 749 bugin,
426 673 557 733 mentre
575 667 767 733 diceresne
786 667 798 730 i
815 665 985 735 Gandiotti
1002 687 1103 734 erano
1121 670 1287 752 buginrdi3
1300 669 1354 732 bi-

172 795 277 861 sogna
293 778 466 860 adunque,
484 778 568 842 ehei
580 776 744 843 Cendiotti
754 778 880 843 iussero
890 779 1354 861 veridici‚ein00nseguenzr

171 907 263 966 esso,
280 908 374 955 eome
391 888 583 965 Candiotto,
599 890 722 955 venire
738 888 782 952 nd
798 905 887 952 esser
903 889 1065 965 veridieo;
1082 906 1101 952 e
1118 889 1197 971 pere
1214 889 1268 952 nei
1287 889 1354 965 dir,

171 1001 234 1065 ene
249 1001 262 1065 i
280 998 450 1066 Cendietti
467 1016 569 1064 erano
582 998 754 1081 nugiardn
771 998 889 1062 dleevn
905 998 930 1063 ii
947 1016 1043 1075 vero,
1061 1000 1355 1082 ecemprendendo

173 1128 224 1188 se,
240 1128 334 1176 ronse
351 1108 545 1186 (landinus,
561 1110 759 1191 biiugum,
777 1102 838 1173 cire
855 1109 884 1172 e’
898 1109 987 1174 fusse
1003 1111 1173 1193 huginrdo.
1192 1112 1220 1176 Ε
1237 1109 1305 1178 cosi
1320 1114 1355 1176 in

175 1225 295 1302 queste
310 1223 400 1284 sorte
417 1218 452 1281 di
474 1219 595 1283 soiismi
611 1219 641 1283 si
661 1218 841 1285 durerebbe
859 1219 894 1282 in
911 1223 1025 1284 eterno
1043 1238 1063 1284 ιι
1085 1221 1234 1303 rigirnrsi
1257 1240 1355 1288 senze

175 1328 357 1395 concludes
372 1329 441 1392 mai
456 1329 574 1393 niente.

267 1436 366 1519 anr.
382 1438 443 1503 Voi
459 1438 509 1502 sin
526 1436 586 1520 qni
604 1439 627 1503 i‘
639 1446 736 1505 avete
752 1441 940 1515 nominato:
959 1447 1048 1506 resta
1064 1460 1123 1506 ora
1145 1443 1208 1507 ehe
1222 1444 1256 1508 io
1269 1440 1357 1508 scio-

179 1548 299 1630 giinte,
312 1547 497 1612 mostrnndo
513 1549 548 1612 la
563 1549 707 1614 inlineis.

273 1654 367 1738 Simp.
383 1654 516 1733 Quanto
536 1659 569 1723 nl
585 1659 727 1724 solverio
742 1677 762 1724 e
779 1666 922 1725 mostrar
938 1661 971 1723 la
989 1677 1050 1725 sua
1060 1662 1209 1737 fallacia,
1220 1680 1287 1729 non
1297 1683 1358 1729 ve·

181 1767 256 1832 dete
270 1767 323 1831 voi
343 1766 451 1848 prima
472 1768 508 1832 la
529 1768 756 1833 contradizion
777 1769 973 1835 manifeste?
994 1769 1008 1833 1
1031 1771 1121 1851 corpi
1143 1771 1257 1835 celesti
1279 1788 1359 1835 sono

180 1877 393 1959 ingenerabili
414 1895 436 1941 e
457 1876 712 1953 ineorrnttihili,
734 1879 889 1960 adunque
907 1879 918 1942 i
935 1881 1027 1962 eorpi
1044 1881 1156 1944 celesti
1178 1893 1236 1946 son
1259 1896 1360 1961 gene-

175 1987 287 2062 rabili,
303 2005 325 2050 e
340 1986 562 2053 eorrnttibilii
579 1987 608 2053 E
626 1988 682 2070 poi
699 1989 733 2054 Ιιι
750 1984 952 2054 contrarieti
969 2007 1037 2054 non
1053 1986 1072 2054 ὸ
1089 1994 1144 2054 tra
1163 1990 1174 2053 i
1191 1991 1283 2072 eorpi
1301 2008 1358 2054 ee-

174 2097 264 2173 lesti3
285 2114 343 2161 mn
363 2093 383 2162 ὁ
404 2102 461 2162 tra
481 2097 528 2179 gii
549 2097 717 2172 elementi,
739 2097 763 2162 ii
781 2099 873 2180 quali
894 2099 1005 2164 hanno
1026 2100 1059 2166 in
1082 2095 1284 2190 contrariete
1307 2099 1359 2163 dei

175 2208 258 2272 moti
274 2224 404 2272 sermm
421 2214 453 2271 st
468 2205 630 2282 deorsum,
649 2226 669 2272 e
685 2208 773 2273 delia
788 2209 975 2290 leggerezza
992 2228 1011 2274 e
1029 2205 1173 2292 gravii&
1192 2226 1248 2274 mn
1265 2211 1277 2273 i
1291 2211 1361 2274 eie·

175 2318 217 2394 ii,
245 2316 307 2381 rire
335 2318 364 2380 si
388 2333 557 2382 mnovono
573 2319 843 2395 eireolnrmente,
862 2320 895 2383 nl
910 2320 1008 2400 quale
1025 2325 1117 2384 moto
1135 2321 1219 2386 niun
1238 2318 1361 2385 eitroe

179 2424 364 2501 centrario,
389 2443 552 2492 meneano
580 2427 615 2492 di
642 2426 844 2494 eontrarieti
871 2447 890 2493 e
917 2429 995 2511 pere
1024 2447 1105 2495 sono
1132 2430 1362 2496 insonuttibi-

183 2536 224 2610 ii,
241 2553 289 2599 ee.

269 2643 365 2728 Saos.
395 2648 512 2724 Plano,
542 2651 653 2732 signer
682 2643 867 2732 Simplicio:
887 2657 1002 2733 questa
1018 2649 1237 2727 contrariete,
1253 2670 1311 2734 per
1327 2652 1361 2714 la

180 2756 278 2838 qnnie
286 2758 344 2822 voi
355 2757 423 2824 dite
434 2759 548 2825 sienni
565 2760 656 2842 eorpi
672 2761 820 2842 sempiiei
837 2775 925 2825 esser
943 2763 1157 2836 eormttihiii‚
1176 2760 1284 2825 risied’
1296 2760 1361 2822 elie

180 2866 384 2932 neil’istesso
404 2885 506 2950 corpo
533 2870 594 2933 ehe
618 2870 645 2934 si
663 2884 852 2951 corrumpe,
869 2889 890 2934 ο
907 2882 989 2952 pure
1006 2872 1050 2935 ha
1068 2872 1232 2935 reiazione
1255 2870 1297 2932 ad
1315 2880 1362 2933 un

183 2976 286 3042 elno?
303 2977 397 3054 dieo,
413 2994 448 3042 se
464 2977 486 3042 Ρ
497 2974 658 3055 umiditi,
675 2993 734 3060 per
752 2981 911 3062 esempio,
927 2993 986 3060 per
1002 2981 1141 3060 laqueis
1151 2981 1181 3044 si
1191 2990 1362 3059 corrompe

182 3103 250 3151 nna
264 3092 359 3169 parte
377 3087 413 3151 di
427 3091 531 3163 terra,
547 3088 668 3152 risiede
683 3088 760 3152 neli'
773 3089 889 3152 istessa
906 3093 1010 3164 terre,
1029 3105 1050 3151 ο
1067 3100 1149 3168 pure
1176 3089 1212 3152 in
1240 3103 1288 3152 un
1311 3087 1362 3150 ai-

185 3197 238 3258 tro
253 3214 368 3278 corpo,
384 3197 465 3278 qual
481 3197 618 3261 sarebbe
633 3197 655 3261 1’
665 3197 737 3261 aria
755 3216 776 3262 ο
794 3198 815 3260 i'
826 3188 955 3278 aequa?
973 3196 1008 3261 10
1022 3197 1122 3262 eredo
1135 3216 1215 3281 pur,
1230 3198 1292 3262 ohe
1306 3198 1363 3262 voi

187 3304 308 3381 direte,
322 3307 383 3370 eise
400 3302 429 3370 si
445 3323 539 3371 nome
557 3306 570 3370 i
586 3307 782 3371 movimenti
800 3307 836 3370 in
854 3323 894 3372 su
910 3325 929 3370 e
946 3307 981 3371 in
1000 3303 1075 3389 gin,
1096 3325 1115 3371 e
1137 3308 1171 3370 ln
1192 3302 1323 3388 gravit&
1344 3322 1363 3369 e

186 3413 671 3495 laleggerezze,ehev0i1ete
693 3418 705 3480 i
726 3417 825 3498 primi
846 3417 1005 3500 contrari,
1028 3429 1095 3481 non
1117 3427 1234 3499 possen
1258 3429 1364 3480 essere

183 3524 241 3589 nei
259 3523 436 3591 medesimo
451 3530 618 3610 suggette,
635 3522 703 3591 cosi
719 3542 847 3592 neaneo
863 3520 884 3590 1¹
895 3527 1009 3592 umido
1027 3544 1045 3590 e
1063 3526 1084 3589 'l
1104 3537 1216 3604 seeeo,
1234 3527 1365 3591 ilealdo

183 3654 203 3701 e
222 3636 244 3701 ’i
260 3636 393 3701 frende:
411 3638 546 3721 bisogna
563 3638 712 3720 dunque,
729 3636 855 3703 chevei
867 3637 1005 3713 diciaie,
1016 3638 1077 3702 che
1087 3638 1220 3719 quando
1230 3638 1254 3701 il
1265 3652 1367 3718 corpo

183 3745 212 3811 si
227 3762 421 3828 commupe,
438 3744 492 3813 eie
507 3763 660 3830 nvvenga
677 3765 736 3830 per
753 3747 787 3811 le
803 3741 944 3829 qualite,
960 3746 1022 3811 ehe
1041 3748 1068 3811 si
1086 3753 1184 3813 trove
1201 3748 1237 3812 in
1253 3762 1299 3812 un
1315 3745 1366 3808 ai-

183 3863 253 3935 tro,
269 3858 440 3923 eontrarie
457 3859 525 3925 aila
542 3877 602 3924 sua
615 3859 763 3941 propria:
781 3856 859 3940 pere
876 3876 935 3941 per
952 3859 1003 3924 iar
1029 3855 1091 3924 che
1109 3859 1130 3923 'l
1157 3875 1257 3939 corpo
1278 3856 1366 3919 eels-¹

184 3971 234 4031 rte
251 3966 302 4031 sin
319 3969 540 4045 meniis,
556 3969 652 4032 besta
677 3967 738 4031 ohe
758 3968 794 4029 in
816 3972 937 4033 natura
955 3969 987 4031 ei
1005 3969 1095 4033 sieno
1113 3967 1291 4048 corpi‚ehe
1307 3963 1368 4026 ab·

184 4076 285 4141 biano
295 4075 499 4145 contrariete
514 4081 548 4144 ai
565 4095 665 4162 corpo
681 4078 815 4153 celeste3
832 4095 851 4140 e
867 4080 927 4142 tali
944 4097 1024 4144 sono
1043 4081 1088 4161 gii
1106 4077 1277 4149 elementi,
1296 4091 1330 4138 se
1347 4071 1367 4140 ὁ

183 4205 282 4265 vem,
297 4190 360 4253 ehe
377 4190 412 4254 in
427 4184 665 4256 eorruttihilite
683 4192 733 4254 sia
750 4187 918 4254 contraria
937 4189 989 4252 eli'
1001 4182 1281 4253 ineormttibilite'r.

275 4295 377 4381 simp.
393 4299 469 4368 Non
492 4300 588 4365 basta
607 4304 739 4382 questo,
757 4300 868 4381 signer
885 4297 963 4361 mio.
982 4295 1035 4361 Gli
1058 4295 1211 4360 elementi
1233 4295 1261 4360 si
1284 4296 1368 4362 eite-

188 4424 271 4482 reno
286 4427 306 4473 e
324 4410 354 4474 si
371 4427 607 4496 sorrompom,
624 4406 745 4492 perche
762 4411 790 4476 si
806 4415 945 4476 tocsano
962 4427 981 4474 e
1003 4409 1031 4473 si
1053 4407 1240 4474 meseolnno
1261 4414 1314 4474 tre
1334 4407 1369 4470 di

310 4536 436 4598 eruero
453 4539 698 4600 (imm-Tou.
717 4537 739 4594 1.
1205 4539 1220 4589 i
