3066 5154
528 358 681 413 eternam
704 366 824 423 onnam
1196 358 1259 424 dil

84 504 227 567 aminon
257 501 278 564 i'
291 515 395 581 acque
422 517 469 564 un
487 491 707 564 determinate
723 502 862 582 periodo
879 502 914 567 di
932 520 1080 571 ocurrere
1097 525 1195 575 verro
1212 514 1263 578 ie-

83 619 196 687 vante,
213 628 232 675 e
251 613 398 676 ritornar
415 627 513 674 verso
530 616 687 691 ponente,
706 629 725 675 e
747 611 865 676 dentre
892 613 926 676 ai
951 618 1063 696 tempe
1090 611 1127 682 di
1153 624 1263 687 venti-

81 722 201 803 qnattr'
213 739 282 786 ore.
302 719 434 784 L'altre
456 716 476 783 d
492 720 603 800 quella
626 722 688 785 ebe
712 721 857 805 depende
874 723 1114 807 danapropria
1132 728 1263 810 gravitr}

82 833 156 897 dell'
168 850 290 913 acqua,
301 832 373 905 che,
384 842 570 895 commoeea
583 832 755 896 nnavolta
766 832 965 898 dailaeausa
977 824 1153 917 primaria,
1163 852 1262 903 cerea

80 944 136 1025 poi
153 931 188 1007 di
207 941 328 1006 ridursi
347 939 401 1004 all’
414 940 588 1021 equilibrio
606 959 670 1005 eon
688 942 805 1006 iterate
823 932 1101 1023 reciprocationi3
1119 945 1150 1008 le
1168 946 1261 1026 quati

81 1068 148 1117 non
175 1066 257 1114 sono
286 1050 503 1114 determinate
525 1050 567 1115 da
583 1068 631 1115 nn
648 1055 760 1132 tempo
777 1052 849 1115 eolo
866 1070 885 1115 e
903 1054 1055 1133 pretioso,
1073 1071 1130 1119 ma
1148 1054 1260 1121 hanno

81 1167 172 1227 tante
201 1156 361 1225 diversitd
388 1160 423 1225 di
450 1161 568 1242 tempi,
596 1165 720 1242 quante
747 1178 829 1225 eone
847 1160 878 1225 le
895 1162 1024 1227 diverse
1042 1163 1259 1246 innghezzee

80 1265 268 1354 profonditd
285 1271 340 1335 dei
358 1270 467 1335 ricetti
486 1289 505 1334 e
524 1272 594 1335 eeni
612 1271 665 1335 dei
682 1271 784 1347 mari;
801 1289 836 1346 e,
854 1288 914 1352 per
922 1279 1049 1353 quante
1060 1275 1205 1356 depende
1215 1275 1259 1339 da

80 1386 196 1463 questo
213 1380 355 1444 eeeondo
371 1381 548 1461 principio,
571 1382 821 1445 scorrerehbero
842 1399 861 1446 e
882 1381 1148 1446 ritomerehbero
1176 1383 1260 1448 altre

82 1494 117 1556 in
136 1489 276 1566 umora,
299 1489 383 1554 altre
405 1489 440 1552 in
462 1489 495 1565 2,
519 1490 554 1554 in
575 1488 613 1567 d,
633 1491 670 1554 in
692 1490 725 1568 6,
746 1493 783 1555 in
803 1489 837 1567 8,
856 1483 892 1555 in
912 1491 964 1569 10,
980 1511 1029 1558 ec.
1047 1491 1130 1569 Ora,
1149 1511 1184 1557 ee
1200 1494 1258 1558 noi

80 1601 321 1665 eominceremo
339 1617 360 1663 a
376 1600 578 1680 congiugner
595 1601 628 1664 ia
645 1601 764 1681 capion
781 1593 956 1682 primaria,
977 1596 1039 1668 che
1067 1604 1111 1667 ira
1141 1598 1259 1667 stabii-

80 1715 190 1775 mente
212 1710 235 1772 il
257 1726 318 1774 suo
339 1709 475 1789 periodo
498 1708 532 1772 di
554 1707 595 1771 12
614 1710 657 1773 in·
669 1707 710 1771 12
728 1724 801 1784 ore,
817 1727 882 1774 con
899 1709 1021 1776 alcuna
1038 1711 1122 1776 delle
1140 1726 1257 1775 oecon·

81 1821 187 1896 darie,
205 1819 267 1884 che
283 1836 396 1883 aveese
414 1820 438 1883 il
456 1835 517 1883 eno
534 1818 686 1900 periodo,
703 1837 737 1884 v.
756 1837 798 1900 g..
817 1820 851 1884 di
870 1820 890 1882 5
909 1813 944 1882 in
962 1820 995 1892 5,
1013 1817 1175 1885 accaderd
1196 1822 1257 1884 che

81 1931 114 1993 in
133 1929 245 1993 alcuni
262 1929 364 2010 tempi
383 1928 415 1993 la
433 1928 552 2008 capion
569 1928 766 2009 primariae
783 1927 817 1990 ia
834 1927 1069 1992 secandariaei
1079 1929 1258 1994 accordino

80 2053 101 2100 a
116 2037 168 2101 iar
177 2036 220 2118 gl’
231 2036 365 2118 impulsi
383 2036 545 2101 amendne
562 2052 660 2102 verro
677 2036 711 2100 ia
728 2035 907 2101 medeeima
923 2041 1035 2119 parte3
1050 2054 1070 2102 e
1087 2039 1123 2103 in
1140 2044 1259 2120 qneeto

80 2147 388 2229 mogingnimento,
406 2165 436 2221 e,
454 2164 513 2228 per
530 2141 599 2210 cosi
611 2146 865 2221 dire‚nnanime
881 2146 1108 2228 coepirarione
1129 2140 1141 2214 i
1164 2149 1257 2216 dumi

80 2273 223 2322 mranno
233 2257 359 2338 grandi.
375 2255 413 2321 ln
424 2257 503 2320 altri
519 2255 638 2337 tempi,
655 2255 845 2320 accedendo
862 2255 924 2320 ehe
940 2255 961 2319 l‘
972 2256 1116 2338 impnleo
1132 2250 1259 2341 prima·

80 2368 135 2430 rio
152 2383 260 2448 venga
277 2367 314 2430 in
329 2385 376 2432 un
394 2371 486 2430 certo
503 2366 603 2430 modo
620 2382 641 2429 a
662 2367 867 2430 contrariare
888 2380 910 2429 a
930 2366 1043 2447 quello
1062 2367 1125 2432 che
1145 2374 1258 2450 porte·

80 2476 182 2541 rebbo
199 2476 224 2539 ii
241 2476 378 2558 periodo
394 2474 603 2551 recondario,
621 2491 640 2538 e
658 2474 693 2539 in
710 2474 799 2540 cotal
815 2469 977 2540 rmmnto
990 2477 1260 2560 togliendol'nno

79 2583 131 2649 de’
144 2586 285 2668 principi
313 2587 426 2666 quello
451 2585 512 2650 che
541 2585 661 2651 i’altro
689 2602 731 2650 ne
760 2585 918 2661 dmeahe,
939 2586 968 2650 ei
986 2586 1259 2655 debiliterannoi

79 2697 162 2762 moti
185 2696 260 2763 dell’
274 2713 393 2777 acque,
415 2714 434 2759 e
451 2694 628 2761 ridurrasei
646 2695 671 2758 ii
687 2709 781 2759 mare
798 2695 835 2757 in
850 2710 920 2759 nno
938 2699 1025 2759 stato
1042 2697 1129 2760 aeeai
1145 2699 1260 2778 quieto

80 2825 100 2869 e
125 2808 222 2888 quaet
253 2806 433 2871 immobile.
455 2806 483 2869 E
504 2807 588 2870 aitte
610 2805 717 2879 volte,
735 2802 878 2867 secondo
894 2803 957 2868 cire
974 2805 987 2868 i
1006 2802 1070 2868 due
1088 2804 1260 2870 medeeimi

80 2915 218 2998 princip]
236 2913 278 2981 nd
296 2916 349 2981 del
366 2920 454 2981 tutto
471 2918 499 2980 ei
516 2915 813 3009 contrarieranno,¹
825 2910 867 2978 ne
890 2913 943 2979 del
970 2916 1060 2979 tutto
1087 2915 1261 2980 andranno

80 3025 255 3101 uniformi,
282 3029 311 3092 ei
339 3028 479 3093 taranno
507 3026 592 3090 altre
620 3023 804 3091 mntazIoni
825 3025 917 3089 eirea
933 3022 1224 3089 l’accreecimento
1240 3042 1268 3109 e

81 3134 285 3202 diminuzion
298 3137 347 3201 de‘
363 3138 456 3202 timei
474 3155 493 3202 e
511 3136 653 3202 retineri
670 3131 742 3200 aad
758 3147 844 3200 anco
858 3134 1016 3200 accedere
1027 3134 1087 3200 cire
1098 3134 1163 3201 dne
1172 3135 1259 3199 mari

83 3246 171 3309 assai
181 3247 299 3329 grandi
314 3248 570 3314 eeomnnieanti
586 3264 647 3330 per
662 3245 803 3329 qualche
819 3250 960 3328 anguste
975 3245 1092 3310 canate
1109 3245 1260 3310 e'incon·

81 3356 169 3419 trino
187 3356 231 3420 ad
248 3374 363 3433 avere,
380 3358 545 3423 mediante
562 3358 597 3422 la
612 3358 767 3422 mistione
784 3355 838 3419 dei
855 3355 919 3420 due
935 3346 1075 3438 princip]
1094 3355 1130 3419 di
1146 3359 1257 3432 moto,

82 3465 183 3529 l'uno
198 3480 301 3530 cansa
317 3466 351 3530 di
369 3467 471 3532 dureo
486 3468 541 3532 nel
559 3472 670 3549 tempe
687 3466 748 3530 che
764 3464 786 3530 1’
797 3465 884 3529 altre
901 3464 999 3529 abbia
1014 3481 1119 3528 cauea
1135 3465 1171 3532 di
1185 3482 1260 3532 mo-

81 3579 230 3642 vimento
255 3580 439 3656 contrari03
467 3579 522 3643 nel
549 3580 628 3661 quai
655 3575 810 3641 carone!
828 3572 962 3650 cande,
984 3572 1070 3637 dove
1091 3574 1260 3641 ereimrri

82 3689 317 3766 comunicano,
334 3688 362 3754 ei
381 3690 481 3755 tanne
497 3684 677 3771 agitczioni
695 3682 945 3761 orandinum,
971 3699 1036 3748 eon
1064 3684 1259 3749 mavimenti

81 3799 210 3879 oppoeti
234 3816 254 3862 o
281 3799 401 3865 vertici
430 3819 449 3866 e
474 3798 656 3864 bellimenti
677 3791 957 3880 pericoloeieeimi,
979 3793 1033 3859 dei
1052 3787 1145 3877 quali
1165 3808 1201 3857 ee
1217 3808 1260 3856 ne

81 3909 194 3973 hanno
210 3912 366 3975 continue
389 3911 548 3975 relaziont
576 3908 618 3973 ed
645 3907 832 3990 mperienze
860 3904 896 3970 in
923 3905 1017 3970 tatto.
1046 3903 1096 3972 Da
1124 3901 1185 3968 tati
1207 3900 1261 3965 di·

81 4018 191 4083 scordi
209 4021 419 4097 movimenti,
437 4019 631 4103 dependenti
648 4034 714 4082 non
732 4016 912 4080 solamente
933 4013 1021 4079 datie
1040 4013 1171 4078 diverse
1195 4027 1260 4094 po-

81 4129 184 4195 siture
202 4148 220 4195 e
238 4130 431 4214 trmgdezze,
446 4148 502 4195 ma
519 4129 752 4214 grandementc
774 4141 897 4191 ancora
917 4123 1005 4188 dalle
1027 4122 1159 4187 diverse
1180 4138 1260 4204 pro-

81 4238 208 4307 ionditd
225 4242 279 4306 dei
296 4245 382 4307 mari
399 4232 638 4315 commeanti,
654 4253 859 4305 naeoeranno
878 4236 913 4300 in
932 4233 1044 4298 alcuni
1054 4231 1155 4312 tempi
1166 4230 1262 4297 varie

83 4355 300 4418 commorioni
317 4353 392 4418 ncli'
403 4369 521 4436 acque,
536 4350 697 4434 eregoiate
708 4366 726 4411 e
737 4343 981 4418 inosrervabtlm
992 4340 1025 4406 le
1034 4340 1166 4422 regioni
1175 4338 1262 4404 delle

82 4465 172 4542 quali
190 4465 308 4531 hanno
318 4468 405 4531 assai
423 4464 631 4548 perturbato,
650 4478 669 4524 e
686 4458 830 4524 tnttavia
847 4453 1050 4537 perturbare
1061 4447 1258 4525 marinam,
