3090 5160
184 342 250 407 260
524 353 659 401 nrinoeo
679 353 733 401 ner
756 353 882 402 namur
904 352 1027 401 erarem

177 483 1180 572 ridioedelmotoperilnentro‚eivedeanooqnaeadda
1199 490 1279 554 nol:
1299 490 1362 555 im-

176 599 336 686 peroeebd
349 601 370 664 l'
376 602 499 683 impeto
517 600 648 664 interno
657 600 692 664 di
705 618 754 666 nn
767 617 871 682 greve
883 598 1023 663 radente
1035 615 1096 680 per
1107 614 1176 663 nna
1186 600 1363 683 nperlleie

176 713 317 786 declive,
336 727 370 774 ae
388 710 420 775 la
437 710 615 774 medesima
631 709 821 792 piegandosi
834 709 878 772 da
890 709 987 772 beaw
1000 707 1029 772 ri
1042 701 1207 773 mooted
1222 704 1314 784 men,
1329 710 1365 774 lo

175 816 322 905 postera,
344 837 441 885 senza
463 825 568 902 punto
589 820 828 900 interrumpere
845 818 871 881 il
887 823 996 892 moto,
1016 833 1104 881 aneo
1119 813 1272 882 all'inein
1288 817 1365 884 [lna

175 932 266 1015 palla
276 931 311 995 di
320 930 452 1013 plombo
462 929 624 1011 pendente
637 928 681 993 da
694 945 764 994 nno
776 944 896 1010 apage,
909 928 1049 991 rimoaaa
1058 925 1365 1009 dalparpmdioob,

176 1040 337 1107 descende
350 1043 641 1122 spontaneamente
654 1038 756 1103 tirata
765 1037 978 1102 dall'intema
986 1035 1226 1111 inclinatione,
1236 1052 1258 1100 e
1267 1052 1364 1100 aena

177 1150 323 1229 interpor
339 1149 449 1229 quiete
466 1154 616 1230 tranasse
634 1148 659 1212 il
677 1153 781 1230 pnnto
798 1146 929 1222 intimo,
946 1164 965 1210 e
983 1145 1069 1210 aenr'
1082 1145 1175 1210 altm
1188 1160 1362 1227 meve

176 1265 297 1341 gnente
314 1262 442 1322 motore
460 1259 488 1320 ri
506 1276 627 1323 mnove
643 1255 729 1322 inad.
747 1258 784 1323 lo
800 1276 838 1324 eo
858 1258 921 1322 ebe
940 1257 997 1324 voi
1017 1274 1087 1321 non
1109 1256 1281 1338 negbuete
1299 1256 1360 1321 ebe

176 1372 272 1432 tanto
288 1363 308 1430 d
327 1367 480 1432 naturale
497 1386 517 1432 e
534 1369 666 1434 interno
686 1368 740 1432 dei
764 1369 859 1450 gravi
875 1368 900 1432 il
917 1367 1082 1450 prinoipio
1101 1366 1167 1431 obe
1183 1366 1231 1449 gll
1245 1384 1361 1434 mnove

176 1477 212 1540 in
230 1473 299 1558 gib,
314 1484 441 1558 quanto
455 1478 508 1542 dei
523 1479 657 1560 leggieri
671 1479 782 1559 quello
794 1479 857 1543 obe
870 1479 916 1561 gli
932 1494 1055 1543 mnove
1068 1472 1164 1552 inab:
1179 1478 1269 1543 ende
1282 1478 1315 1543 io
1328 1480 1361 1545 vl

176 1594 280 1652 metio
297 1590 332 1651 in
351 1589 619 1655 considerazione
639 1606 708 1654 una
724 1590 815 1672 palla
833 1589 869 1653 di
885 1589 996 1667 legno,
1012 1587 1047 1650 la
1064 1588 1167 1668 quale
1182 1589 1362 1657 mdmdo

175 1715 235 1780 per
253 1698 385 1761 ariade
406 1698 531 1779 grande
559 1699 699 1773 altezzn,
715 1717 734 1763 e
750 1698 830 1780 perd
859 1695 1054 1761 movendoai
1072 1695 1115 1760 da
1132 1696 1300 1779 principio
1313 1699 1362 1763 in-

175 1814 288 1883 terno,
306 1808 424 1890 giunta
446 1826 543 1891 repra
564 1826 633 1873 una
659 1804 848 1891 profonditl
876 1807 907 1870 d’
919 1823 1041 1888 arona,
1070 1807 1230 1872 enntlnna
1250 1808 1285 1873 la
1305 1825 1362 1873 ena

178 1936 287 1994 meaa,
304 1936 323 1981 o
338 1917 423 1982 senz'
434 1919 521 1983 altro
534 1924 662 1983 motore
676 1925 809 1982 esterno
822 1934 880 1999 per
893 1915 995 1998 lungo
1009 1918 1111 1981 tratto
1122 1914 1150 1978 ri
1163 1930 1361 1999 tommerge3

177 2048 196 2093 e
212 2046 294 2110 pure
323 2029 348 2091 il
377 2033 468 2092 moto
496 2029 532 2091 in
550 2023 606 2108 gib
633 2046 693 2109 per
709 2028 731 2090 l'
743 2044 850 2109 acqua
867 2026 914 2108 gli
933 2022 958 2114 *d
974 2026 1245 2108 praeternaturale,
1258 2042 1279 2091 a
1294 2042 1361 2091 eon

179 2143 265 2202 lutto
282 2134 336 2200 eid
354 2135 500 2217 depende
517 2136 559 2198 da
572 2136 750 2219 principio,
765 2137 826 2201 che
839 2134 859 2201 d
873 2124 1037 2201 internoe
1052 2153 1121 2200 non
1135 2139 1266 2203 estem
1277 2137 1362 2202 della

177 2247 276 2328 palla.
306 2246 431 2314 Eocovi
460 2244 593 2323 dunque
621 2244 831 2321 dimostrato,
858 2264 953 2311 come
980 2262 1028 2310 nn
1053 2245 1178 2311 mobile
1193 2245 1263 2330 pnb
1279 2264 1361 2312 eraer

177 2372 287 2419 moseo
319 2353 362 2416 da
394 2370 462 2421 uno
499 2357 602 2417 stesso
634 2353 796 2434 prinoipio
828 2356 959 2419 interno
989 2354 1024 2418 di
1056 2356 1258 2424 monimenti
1285 2373 1361 2425 eone

178 2462 269 2542 trarj.
813 2470 818 2475 '

268 2569 368 2655 Simp.
388 2573 424 2638 lo
442 2573 541 2638 eredo
558 2575 620 2638 obe
636 2590 657 2636 a
676 2579 760 2639 tutte
773 2581 887 2656 queste
901 2576 1050 2641 instanze
1063 2576 1096 2640 ol
1110 2578 1207 2643 meno
1220 2579 1360 2662 rimie,

177 2681 303 2749 benene
319 2702 377 2766 per
395 2702 455 2748 ora
473 2701 540 2749 non
558 2684 605 2748 mi
624 2701 851 2765 eovvengano;
868 2702 923 2749 ma
938 2703 1125 2767 oomnnqne
1138 2686 1195 2752 eid
1208 2688 1274 2763 ria,
1285 2703 1360 2752 oon-

178 2796 275 2861 tinua
292 2795 313 2860 l’
326 2800 442 2861 autore
461 2796 495 2859 di
512 2795 695 2860 domandar
724 2795 768 2858 da
795 2795 875 2875 qual
902 2796 1066 2877 prineipio
1086 2795 1237 2879 depende
1252 2802 1360 2878 quero

178 2912 270 2970 moto
286 2906 449 2970 oiroolare
468 2906 520 2969 dei
539 2907 635 2987 gravi
652 2924 670 2968 e
689 2904 741 2969 dei
758 2906 909 2986 leggieri‚
926 2903 1010 2981 eloe,
1025 2923 1060 2969 se
1074 2906 1118 2970 da
1137 2906 1292 2989 principio
1306 2905 1359 2968 ln·

177 3023 271 3085 terno
290 3023 471 3083 desterno:
497 3016 699 3098 eseguendo
726 3016 900 3091 dimostra,
924 3016 991 3080 -ebe
1019 3033 1087 3079 non
1116 3014 1182 3099 pud
1208 3032 1294 3081 enter
1318 3013 1359 3080 ne

178 3127 199 3190 l'
212 3145 280 3192 uno
297 3125 338 3194 nd
356 3127 376 3190 l’
390 3128 491 3202 altro,
509 3128 659 3192 dicendo.
679 3125 717 3189 Si
734 3126 773 3190 ab
798 3135 945 3201 externo,
964 3125 1050 3188 Deua
1074 3143 1113 3188 ne
1133 3126 1224 3190 illum
1252 3128 1359 3192 excitet

175 3239 440 3315 permotionem
456 3237 670 3300 miraculum?
699 3255 742 3300 on
770 3256 843 3301 vero
871 3235 1017 3316 angetur,
1046 3251 1091 3299 oo
1120 3237 1199 3299 aer?
1222 3233 1269 3301 Et
1285 3239 1359 3300 boae

180 3347 304 3423 guidem
321 3346 414 3409 molli
431 3348 607 3426 assignant.
627 3344 691 3410 Sed
710 3355 832 3411 contro.

269 3452 355 3520 Solo.
374 3457 448 3523 Non
465 3456 501 3520 vi
520 3456 687 3521 adaticate
718 3460 751 3519 in
782 3459 892 3538 legger
915 3456 935 3520 l’
946 3457 1110 3532 insieme,
1128 3458 1244 3538 pereb’
1255 3459 1288 3522 io
1303 3470 1359 3521 non

181 3580 240 3626 son
262 3565 296 3626 di
317 3568 418 3646 quelli
446 3567 506 3631 obe
536 3567 731 3631 attribuisoa
760 3568 806 3630 tal
835 3568 997 3649 principio
1026 3567 1081 3630 all‘
1094 3568 1167 3631 aria
1196 3568 1361 3632 ambiente.

180 3673 313 3751 Quanto
340 3678 395 3755 poi
425 3679 458 3745 al
487 3677 647 3740 miracolo
674 3696 696 3740 ο
726 3677 923 3759 all'angelo‚
951 3674 1007 3759 pid
1038 3683 1124 3743 tosto
1143 3679 1317 3744 inclinerei
1332 3677 1361 3741 in

179 3784 290 3867 quella
307 3791 414 3865 parte3
431 3785 549 3868 perche
567 3788 679 3867 quello
697 3788 758 3851 ebe
775 3789 940 3853 cominoia
963 3788 1005 3852 da
1028 3790 1145 3853 divino
1165 3790 1325 3854 miradolo
1344 3806 1363 3852 n

180 3898 223 3961 da
240 3896 435 3978 operazinne
464 3897 627 3977 angelica,
655 3895 773 3979 qual'd
802 3900 834 3962 la
865 3901 1124 3981 trarportazione
1152 3899 1261 3964 d’nna
1277 3900 1363 3982 palla

180 4008 211 4071 d'
223 4007 404 4089 artiglieria
422 4009 475 4071 nel
494 4026 642 4073 concavo
660 4010 747 4074 della
777 4010 886 4083 Luna,
914 4028 981 4073 non
1003 4011 1047 4074 ba
1065 4010 1139 4074 dell’
1151 4009 1361 4092 improbabile

180 4119 240 4183 ebe
258 4120 293 4182 in
311 4116 401 4185 virid
431 4119 483 4183 del
513 4120 690 4185 medesimo
718 4121 879 4203 principio
907 4120 1014 4184 iaocia
1042 4138 1126 4185 aneo
1149 4123 1173 4185 il
1191 4127 1286 4185 reato.
1306 4117 1361 4181 lla

179 4238 304 4309 quanto
321 4231 470 4306 alletia,
490 4251 511 4296 a
529 4250 581 4296 me
600 4234 695 4297 basta
712 4234 773 4297 obe
792 4231 856 4296 ella
874 4248 941 4294 non
959 4231 1140 4313 impedirem
1157 4233 1181 4296 il
1195 4235 1281 4295 moto
1295 4227 1362 4290 oir-

182 4341 290 4403 colare
309 4344 361 4405 dei
378 4344 494 4408 mobili
512 4346 572 4408 ebo
590 4363 649 4426 per
667 4359 738 4406 essa
755 4343 782 4404 si
800 4343 872 4405 dieo
890 4343 951 4405 ebe
966 4343 993 4405 si
1008 4359 1191 4417 mnov0n0;
1210 4356 1299 4423 eper
1311 4335 1361 4400 eid

182 4445 264 4523 tare,
293 4450 388 4517 nasta
416 4451 472 4536 (ne
491 4450 547 4533 piri
569 4455 597 4516 si
614 4448 756 4533 rieerca)
787 4452 846 4516 obe
865 4469 936 4516 essa
955 4454 982 4515 si
1005 4471 1128 4518 mnova
1156 4451 1355 4516 dell’isteaso
